5100 6900
683 517 857 706 ²4Odor
885 615 1043 706 debilis.
1072 616 1109 702 F
1113 643 1245 728 uagus
1263 612 1546 728 magnitudine
1574 614 1690 700 nucis
1709 612 1931 722 avellanae,
1949 613 2016 703 vel
2046 613 2207 731 juglan-

680 755 771 860 dis,
811 758 961 844 cortice
989 754 1134 855 tenui,
1162 750 1478 839 subtomentoso
1521 752 1702 838 vestitus.
1742 751 1922 838 Parietes
1964 751 2206 839 cellularum

679 890 941 992 subalbidae,
970 890 1274 1001 homogeneae..
1291 887 1481 1007 Spon‘dia
1509 889 1852 975 numerosissima.

736 1029 849 1117 Cum
877 1026 1004 1139 Hym.
1034 1025 1233 1115 Bulliardi
1260 1025 1472 1114 interdum
1500 1023 1680 1113 exfossus
1707 1027 1752 1110 in
1786 1026 1999 1140 provincia
2028 1042 2210 1139 transpa-

680 1161 808 1249 dana:
837 1163 985 1248 hieme.

682 1349 687 1357 ·
738 1298 813 1384 AF
814 1299 848 1382 F
853 1298 923 1387 ΙΝ.
965 1298 1199 1385 Gautieriae
1239 1297 1612 1386 morcbellaeformi
1649 1294 1975 1384 fructificationis
2015 1315 2214 1414 apparatu

679 1430 930 1519 simillimus.⁴
950 1434 1063 1521 Cum
1092 1433 1218 1547 Hym.
1247 1432 1541 1550 lycoperdineo
1569 1433 1685 1520 facile
1724 1431 2023 1536 confimditur,
2062 1464 2086 1518 a
2124 1464 2212 1550 qno

679 1590 818 1658 tamen
845 1570 1112 1685 distinguitur
1139 1572 1279 1660 colore
1306 1574 1464 1675 carnis,
1492 1568 1622 1657 odore
1650 1591 1694 1658 et
1720 1568 2002 1688 sporidiorum
2029 1568 2198 1658 forma‘

1077 1850 1080 1857 ’
1238 1851 1511 1939 Sracres
1558 1850 1655 1939 Vll.

736 2113 846 2199 Hm.
874 2144 1027 2202 amns.
1055 2162 1115 2183 ·-
1143 2116 1268 2202 Tab..
1280 2116 1368 2218 lv,
1396 2114 1464 2231 fig.
1494 2115 1570 2202 IX.

736 2248 890 2338 Uterus
926 2251 1420 2361 globoso-mammona,
1458 2250 1618 2368 peridio
1658 2253 1801 2353 mnui,
1844 2253 2026 2355 sericeo,
2067 2251 2214 2358 niveo,

680 2407 792 2471 motu
822 2384 1059 2472 ardescente.
1091 2386 1201 2474 Caro
1229 2388 1390 2490 mollis,
1417 2387 1613 2505 pulposa,
1642 2385 1777 2475 dilute
1804 2385 2020 2500 firliginea3
2045 2387 2216 2475 cellulae

680 2552 846 2637 parvae,
869 2521 1101 2625 rotundae,
1129 2521 1309 2640 sporidia
1336 2546 1473 2619 ovata,

739 2656 861 2744 Odor
889 2662 1005 2776 quasi
1033 2660 1265 2773 Pelargonii
1301 2659 1580 2770 graveolentis.
1610 2661 1646 2742 F
1648 2688 1782 2769 ungu
1815 2658 2099 2770 magnitudine
2133 2661 2218 2774 pisi

680 2792 747 2879 vel
776 2796 892 2879 nucis
920 2796 1144 2898 avellanae,
1172 2825 1264 2880 raro
1293 2797 1458 2909 majori,
1486 2791 1574 2878 basi
1602 2793 1813 2879 manifesta
1847 2793 2067 2908 praeditus.
2095 2794 2210 2881 Peri·

680 2924 800 3013 dium
844 2926 1057 3032 nitidum,
1099 2960 1405 3046 papyraceum,
1446 2927 1615 3040 fragile,
1659 2931 1726 3016 vix
1768 2928 1972 3015 exfossum
2015 2932 2213 3034 niveum,

678 3067 762 3152 cito
802 3082 941 3149 tamen
981 3064 1196 3152 rufescens.
1226 3066 1338 3154 Caro
1376 3065 1531 3185 absque
1560 3067 1700 3167 venis,
1739 3066 1903 3171 mollis,
1943 3068 2209 3159 exsiccatione

680 3228 942 3313 summopere
979 3204 1273 3305 contrahitur,
1312 3205 1358 3289 in
1397 3231 1502 3318 aqna
1538 3204 1692 3286 iterum
1734 3201 1948 3316 pristinam
1998 3205 2212 3316 acquirens

682 3332 849 3418 molem.

736 3471 787 3555 In
816 3471 1017 3588 quercetis
1056 3468 1432 3559 mediolanensibus
1472 3490 1515 3555 et
1554 3469 1842 3576 ticinensibus,
1886 3472 2123 3587 praesertim
2164 3476 2209 3557 in

681 3635 850 3690 nemore
876 3604 986 3692 dello
1015 3607 1151 3692 Rosea
1176 3637 1272 3694 vere
1301 3629 1345 3694 et
1373 3626 1521 3693 aestate
1549 3603 1755 3724 frequens.

684 3829 687 3832 ,
738 3740 924 3827 AFFIN.
954 3744 1117 3856 Species
1146 3773 1169 3828 a
1198 3744 1364 3862 reliquis
1393 3740 1538 3859 peridii
1577 3744 1716 3829 colore
1744 3765 1787 3832 et
1814 3763 1991 3847 natura,
2020 3775 2097 3836 uec
2125 3776 2212 3832 non

681 3876 810 3962 caruis
837 3875 1012 3962 mollitie
1041 3899 1084 3962 et
1100 3876 1241 3963 'odore
1269 3876 1437 3965 abunde
1466 3876 1669 3966 distincta.

1060 4163 1066 4172 '
1190 4157 1522 4245 Sanctae
1585 4155 1705 4244 VIll.

746 4421 854 4508 Hrar.
884 4454 1109 4513 omvtcnus.
2116 4507 2118 4512 .

739 4557 894 4647 Uterus
922 4558 1357 4673 globoso-angulosus,
1371 4555 1529 4675 peridio
1559 4559 1691 4661 tenui,
1720 4557 2066 4660 sericeo-albido,
2095 4579 2208 4647 tactu

682 4695 921 4803 mfescente,
949 4691 1184 4786 instructus.
1215 4697 1325 4783 Caro
1355 4694 1672 4797 olivaceo·rufa,
1698 4695 1860 4783 lineolis
1889 4693 2037 4783 albidis
2065 4695 2214 4805 (cellu-

683 4834 816 4918 larum
843 4835 1085 4947 parietibus)
1113 4837 1323 4946 variegata
1354 4830 1543 4947 Sporidia
1570 4830 1827 4947 pedicellata,
1854 4862 2053 4922 mucrone
2082 4830 2211 4943 longo

685 4971 896 5056 instructa.
1834 5033 1849 5040 --
2044 5053 2048 5060 .

740 5102 862 5192 Odor
898 5106 1094 5220 firngmus
1133 5104 1345 5227 pecadiaris
1385 5105 1501 5222 quasi
1539 5102 1743 5192 Dedalaae
1781 5105 2009 5222 quercinae.
2037 5104 2210 5218 Fungus

687 5242 969 5356 magnitudine
1011 5243 1357 5351 nucisavellanae
1385 5241 1453 5333 vel
1487 5243 1643 5359 majori.
1674 5240 1783 5330 caro
1812 5245 1958 5334 eximie
1992 5242 2212 5349 cellulosa,
