5100 6900
390 684 463 772 AF
464 689 500 773 F
503 688 572 778 IN.
585 682 733 803 Elaph.
753 632 947 805 papillato
967 686 1248 811 magnitudine
1260 688 1458 806 etperidii
1476 715 1619 780 natura
1638 599 1858 811 proximuffis·

330 823 479 910 Differt
511 823 658 939 peridii
687 847 730 912 et
758 824 1034 942 sporidiorum
1063 827 1225 931 colore,
1253 832 1414 917 corticis
1443 830 1585 937 forma,
1615 832 1756 936 odore,
1786 858 1861 922 etc.

871 1028 1325 1116 Sasctaslss
1629 972 1635 985 Ι

239 1212 247 1220 “
389 1238 540 1323 Ensis.
569 1266 784 1323 unraams.
814 1236 924 1325 Nob.
955 1284 1014 1303 --
1042 1232 1145 1322 Tab.
1176 1238 1262 1339 IV,
1291 1238 1359 1349 fig.
1388 1240 1504 1324 XIV.

387 1370 600 1457 Peridium
628 1373 960 1471 molliusculum‚
989 1373 1211 1478 mutabile,
1241 1377 1391 1458 cortice
1415 1379 1542 1478 tenui,
1571 1377 1860 1486 nigro-coeru-

331 1506 517 1590 lescente.
550 1505 739 1619 Sporidia
767 1509 950 1609 minuta,
979 1508 1379 1616 griseo-virescentia

389 1640 512 1726 Odor
538 1643 735 1726 Menthae
764 1639 1054 1725 rotundifoliae
1095 1641 1162 1725 vel
1201 1643 1344 1726 thuris.
1375 1642 1411 1726 F
1412 1672 1546 1754 angus
1579 1645 1862 1754 magnitudine

331 1780 446 1862 nucis
461 1776 664 1859 avellanae
683 1774 749 1860 vol
764 1779 925 1860 minori.
941 1777 1095 1864 Uterus
1122 1777 1366 1862 rotundatus
1391 1780 1456 1863 vel
1482 1779 1707 1890 elongatus
1728 1801 1861 1865 crusta

269 1948 273 1957 ·
329 1913 570 2023 persistente
589 1908 954 2010 floccum-librom,
983 1913 1322 2021 griseo-argentea
1342 1914 1559 1999 obductus.
1583 1915 1750 2017 Cortex,
1769 1945 1861 1999 cru·

330 2068 391 2130 sta
423 2068 580 2151 exutus,
602 2046 739 2149 laevis,
765 2048 809 2129 in
841 2048 1038 2130 exsiccato
1069 2050 1180 2154 rugis
1210 2050 1534 2160 persistentibus,
1556 2053 1861 2154 minutissimis,

329 2180 537 2285 brevibus,
550 2183 787 2293 interruptis
806 2211 852 2265 ac
871 2183 979 2264 varie
997 2179 1211 2291 implicatis
1222 2184 1428 2295 crispatus.
1443 2182 1654 2268 Peridium
1674 2213 1864 2283 crassum,

329 2315 781 2418 albidocoerulescens,
814 2335 983 2427 ruptum
1008 2315 1075 2400 vel
1103 2335 1260 2398 sectum
1283 2346 1380 2400 mox
1407 2316 1570 2401 sordide
1601 2324 1860 2426 cyanescens!

328 2456 371 2535 in
391 2456 585 2536 exsiccato
605 2450 745 2535 denuo
765 2450 983 2536 albescens.
1006 2449 1130 2559 Septa
1153 2449 1220 2532 vix
1240 2449 1424 2533 visibilia.
1442 2451 1477 2534 F
1479 2451 1583 2535 locci
1605 2472 1760 2554 tenues,
1784 2484 1862 2537 nu·

328 2590 496 2688 morosi,
526 2585 615 2668 laxi.
655 2581 845 2696 Sporidia
873 2582 953 2666 illis
982 2581 1128 2693 Elaph.
1160 2581 1342 2695 papillati
1371 2585 1662 2702 aliquantisper
1695 2593 1860 2701 majora.

390 2717 568 2805 Abunde
597 2721 640 2801 in
671 2721 873 2831 quercetis
891 2719 975 2823 agri
1004 2717 1210 2801 ticinensis
1229 2740 1272 2802 et
1300 2718 1615 2807 mediolanensis
1641 2723 1740 2806 locis
1768 2721 1863 2835 plu·

332 2858 409 2941 ries
439 2855 685 2939 memoratis.
717 2847 1087 2936 lulio-Novembri.
1119 2848 1334 2934 Solitarins
1364 2855 1430 2935 vel
1459 2857 1670 2962 gregarius.

390 2990 465 3072 AF
467 2988 502 3071 F
505 2988 576 3074 IN.
608 2983 895 3100 Sporidiorum
924 2981 1054 3066 sonna
1073 3000 1115 3065 et
1130 2982 1267 3067 colore
1283 3014 1379 3101 cum
1398 2984 1545 3100 Elaph.
1561 3008 1860 3100 atropurpureo

269 3118 277 3131 '
333 3124 552 3225 convenit,
579 3120 847 3230 distinguitur
873 3114 1019 3232 peridii
1047 3138 1090 3201 st
1116 3118 1278 3202 corticis
1304 3117 1455 3204 indole.
1484 3119 1572 3207 Nec
1600 3123 1737 3204 minor
1765 3149 1860 3203 cum

330 3260 480 3371 Elaph.
509 3256 704 3371 papillato
724 3250 909 3357 affinitas,
921 3258 1157 3366 praesertim
1174 3254 1322 3369 peridii
1338 3256 1476 3341 colore
1504 3279 1547 3341 et
1575 3279 1742 3359 natura,
1772 3256 1859 3339 dii-

329 3394 408 3478 lert
439 3414 576 3479 tamen
596 3384 734 3477 colore
763 3412 805 3476 et
833 3389 964 3476 forma
994 3392 1167 3494 corticis,
1187 3421 1263 3476 nec
1283 3421 1371 3476 non
1402 3391 1540 3477 colore
1569 3388 1857 3506 sporidiomm.

864 3652 1322 3741 SanorasIV

388 3920 537 4005 Enseu
568 3927 756 4003 cousus.
786 3915 896 4003 Nob.
925 3927 985 3995 -ὲ
1013 3917 1116 4003 Tab.
1149 3918 1234 4022 lv,-
1263 3916 1331 4027 fig.
1360 3915 1477 4003 XVl.
1594 4027 1596 4030 Ι

386 4052 596 4138 Paridium
618 4051 926 4135 molliusculum
945 4054 1096 4137 cortice
1113 4051 1463 4162 nigro-brunum,
1491 4050 1607 4156 laevi,
1626 4049 1853 4165 spongioso.

331 4187 525 4303 Sporidia
547 4187 708 4270 minuta
736 4187 1206 4297 nigro-brunnesoentia.

389 4321 511 4409 Odor
527 4320 673 4407 debilis
689 4322 885 4434 Raphani.
901 4322 936 4406 F
939 4352 1072 4435 ungus
1096 4321 1379 4432 magnitudine
1394 4322 1472 4435 pisi
1492 4320 1557 4407 vel
1574 4322 1690 4406 nucis
1706 4319 1853 4404 avella-

328 4487 416 4542 nae.
436 4456 591 4547 Uterus
620 4454 866 4542 rotundatas
892 4479 1030 4543 crusta
1057 4465 1197 4561 crassa,
1212 4459 1468 4569 persistente,
1486 4454 1850 4561 floccoso-fibrosa,

331 4588 495 4676 sordide
525 4594 683 4673 citrina!
708 4589 926 4676 obductus.
958 4592 1111 4678 Cortex
1129 4588 1348 4676 eisiccatus
1366 4595 1747 4703 rugoso-crispatus,
1776 4595 1854 4675 mi-

331 4755 409 4808 nus
438 4753 536 4809 vero
566 4751 689 4838 quam
718 4725 761 4805 in
781 4729 922 4835 specie
949 4724 1228 4835 praecedente.
1257 4722 1468 4808 Paridium
1501 4753 1706 4824 crassum,
1735 4722 1852 4807 albo·

330 4863 551 4956 cinereum,
575 4858 618 4939 in
639 4858 834 4941 exsiccato
847 4855 1096 4941 subfuscum.
1117 4854 1247 4968 Pulpa
1268 4856 1403 4967 primo
1419 4851 1565 4955 albida,
1585 4854 1682 4941 hinc
1701 4857 1852 4966 griseo·

330 4992 607 5080 ooerulescens
637 4993 748 5076 venis
778 4990 1003 5076 subalbidis
1031 4993 1181 5104 (septis
1191 4975 1211 5096 l
1236 4991 1453 5100 variegata,
1484 4989 1653 5075 demum
1683 4996 1727 5077 in
1756 4991 1849 5104 pul-

330 5157 470 5212 verem
498 5127 887 5238 nigro-brunneum,
915 5128 1152 5226 floccosum‚
1181 5124 1482 5240 sporidiiierum
1508 5126 1705 5213 fatiscens.
1726 5127 1849 5240 Septa

333 5263 376 5343 in
406 5260 532 5371 fungo
560 5283 722 5347 maturo
751 5263 817 5347 vix
845 5263 1026 5348 visibilia.
1046 5264 1082 5347 F
1084 5263 1187 5349 loeci
1215 5285 1372 5368 tennes,
1398 5264 1636 5363 subcinerei,
1655 5262 1845 5347 araneosi.

335 5393 541 5510 Sporidia,
569 5396 649 5484 illis
676 5395 823 5513 Elaph.
853 5389 1064 5484 mutabilis
1087 5403 1254 5514 majora.
1347 5391 1351 5462 ἶ

1474 5556 1496 5618 9
