5100 6900
1808 505 1848 568 83

326 614 426 699 ridia
458 613 725 697 Octavianiae
754 616 995 746 receperam
1025 612 1153 694 casei
1188 610 1404 725 tetraspori
1433 609 1616 696 Borr'stae
1650 642 1689 692 n.
1719 639 1740 692 r
1771 613 1867 717 (ex,

327 723 734 839 Lycoperdineorum
749 722 920 837 familia)
952 756 1046 810 cum
1066 726 1239 839 propriis
1259 716 1447 838 sporidiis
1477 720 1641 811 emersis
1660 753 1706 806 ac
1724 722 1851 832 longo

325 840 527 956 pedicello
557 839 746 925 suffultis,

383 956 607 1040 Novissimi
626 954 670 1036 hi
688 955 878 1039 consulto
898 952 1049 1068 depicti
1068 954 1197 1038 fuere:
1224 953 1273 1036 1.⁰
1291 974 1340 1037 ut
1358 956 1486 1038 sciant
1504 953 1715 1064 Mycologi
1729 954 1852 1036 etiam

323 1071 403 1154 hos'
431 1070 467 1153 F
469 1098 603 1179 angos
634 1072 733 1153 ascis
763 1069 829 1154 vel
859 1070 988 1153 thecis
1017 1070 1192 1172 muniri,
1224 1066 1277 1149 2.⁰
1305 1089 1354 1151 ut
1382 1070 1507 1178 magis
1535 1070 1744 1181 magisque
1773 1092 1851 1178 pa-

324 1202 408 1268 teat
436 1184 587 1277 modus
616 1181 957 1268 disseminationis
998 1181 1272 1295 sporidiorum
1302 1182 1346 1263 in
1374 1181 1579 1297 plerisque
1608 1182 1642 1263 F
1647 1208 1851 1289 ungorum

323 1299 559 1411 speciebus,
589 1301 825 1410 praesertim
854 1300 898 1381 in
927 1294 1365 1407 Hymennmycetibus.

383 1410 672 1525 Sporidiorum
701 1410 899 1526 pedicella
928 1441 977 1495 ex
1005 1413 1164 1495 interna
1194 1436 1381 1494 asnorum
1411 1407 1719 1506 membranula,
1749 1436 1853 1521 quae

324 1556 406 1609 una
436 1556 531 1611 curn
561 1525 744 1640 sporidio
773 1526 852 1611 sub
883 1520 1100 1610 tubulosae
1128 1523 1363 1640 appendicis
1401 1520 1609 1634 (budella)
1639 1518 1770 1603 forma
1799 1521 1853 1601 ab

323 1662 486 1725 externa
517 1639 795 1754 protruditur,
824 1639 1029 1726 efformari
1048 1644 1130 1755 jam
1152 1670 1273 1755 supra
1300 1666 1388 1753 pag.
1423 1669 1476 1722 20
1506 1636 1751 1721 notavimus.
1773 1632 1853 1715 Mi·

323 1754 449 1855 cheli,
479 1750 687 1857 Bulliard,
717 1755 888 1872 aliique,
918 1755 1070 1873 quibus
1100 1753 1376 1871 sporidiorum
1396 1749 1711 1867 conceptacula,
1739 1776 1854 1859 prae-

321 1870 462 1950 sertim
492 1870 535 1950 in
564 1866 1005 1980 Hymenomycetibm,
1042 1873 1105 1955 vix
1135 1867 1304 1987 quidem
1334 1870 1623 1966 innotuerant,
1654 1864 1753 1949 haec
1781 1891 1852 1974 pe·

322 1978 466 2079 dicella
496 1982 559 2064 uti
576 1981 772 2092 ,hymeuii
801 1976 1062 2097 appendices,
1097 1982 1189 2097 ads
1218 1980 1345 2065 oridia
1375 1977 1611 2081 sustinenda
1637 1975 1853 2063 destinatas

320 2114 586 2208 sumpserunt
599 2176 602 2187 ,
617 2098 738 2205 (dd),
768 2120 810 2181 et
844 2094 1121 2210 sporidiorum
1151 2015 1220 2185 tait
1249 2120 1371 2210 pacto
1401 2122 1654 2183 emersurum
1682 2094 1853 2206 positio·

321 2238 443 2308 nem,
472 2231 620 2322 utpote
648 2211 878 2297 normalem
907 2242 953 2296 ac
972 2212 1221 2325 primitivam
1242 2212 1486 2296 babuerunt.
1519 2208 1658 2314 Quare
1678 2203 1854 2318 sporidia

318 2324 361 2404 in
386 2323 651 2432 Agaricorum
680 2324 871 2426 lamellis,
902 2325 1142 2408 Boletorum
1162 2326 1332 2420 tubulis,
1353 2346 1428 2406 etc.
1449 2343 1538 2419 etc,
1569 2320 1642 2404 ubi
1674 2349 1725 2402 ue
1745 2314 1854 2401 nuda

319 2465 365 2519 ac
393 2434 595 2546 pedicello
624 2437 901 2547 utplurimum
932 2436 1099 2521 suffulta
1127 2438 1180 2522 ab
1210 2437 1364 2522 eisdem
1393 2435 1629 2520 auctoribus
1643 2349 1854 2517 (delineata

320 2550 630 2659 conspiciuntur
660 2556 718 2653 (v.
750 2550 918 2634 Micheli
937 2550 963 2633 l.
985 2582 1018 2635 c.
1048 2552 1130 2635 tab.
1147 2550 1203 2638 68
1223 2584 1265 2650 ος
1288 2547 1472 2635 Bulliard
1495 2549 1653 2660 champ.
1675 2546 1778 2629 Tab.
1800 2545 1854 2646 ll,

322 2656 388 2768 fig.
410 2657 592 2771 Vltfig.
613 2662 718 2745 Vlll
750 2663 805 2760 lt,
829 2658 896 2770 fig.
927 2664 990 2745 IX
1019 2662 1057 2761 l,
1087 2666 1290 2785 SouarBy
1320 2666 1425 2770 Eng.
1455 2664 1491 2746 F
1493 2691 1587 2771 ung.
1620 2660 1724 2743 Tah.
1746 2660 1855 2760 403.

1000 2830 1089 2948 mg.
1119 2833 1173 2917 x.

381 2999 480 3085 Duo
510 3003 722 3115 sporangia
752 3032 846 3086 cum
877 3000 1064 3114 sporidiis
1092 3010 1261 3089 maturis
1298 3003 1464 3088 Tuberis
1493 3000 1743 3116 Magnarum
1769 2999 1854 3084 330¹
1900 3046 1902 3051 .

320 3120 429 3201 vices
460 3117 619 3200 circiter
649 3119 847 3201 microsco
879 3116 919 3199 io
955 3130 1094 3219 aucta,
1133 3150 1161 3203 a
1202 3121 1464 3235 sporangium
1503 3144 1852 3228 monosporeum,

321 3230 440 3340 cujus
469 3231 513 3312 in
542 3248 686 3313 centro
715 3148 944 3344 spondium
973 3230 1133 3318 sacculo
1164 3232 1295 3319 altero.
1312 3233 1515 3317 inclusum
1537 3232 1740 3334 cernitur3
1769 3258 1851 3313 sac·

317 3342 434 3427 culus
468 3345 558 3443 iste,
578 3342 760 3458 sporidio
794 3347 1056 3452 increscente,
1082 3378 1178 3432 cum
1205 3351 1352 3432 extima
1370 3341 1546 3464 ,sporidii
1569 3342 1851 3428 membranula

313 3454 609 3563 confunditur3
640 3462 666 3540 b
695 3463 960 3570 sporangium
990 3457 1240 3577 disporeum.

941 3755 948 3764 ὁ
986 3632 1075 3750 Fig.
1101 3631 1181 3717 xl.
1252 3659 1255 3670 '

379 3795 654 3908 Sporangium
684 3793 980 3914 tetrasporeum
1016 3801 1184 3888 Patent
1202 3808 1350 3888 arsuri.

380 3909 475 3994 osb.
508 3909 695 4023 Sporidia
716 3915 893 4000 Tuberis
913 3917 1154 4027 Magnarum
1184 3938 1226 3998 et
1254 3918 1414 4013 aestivi,
1444 3917 1507 3999 uti
1534 3945 1583 4000 ex
1612 3914 1721 4000 hisce
1751 3909 1850 3996 dua-

320 4020 401 4106 bus
441 4023 632 4108 iconibus
674 4039 820 4138 patet,
867 4028 1123 4142 superficiem
1162 4060 1330 4143 prorsus
1373 4030 1575 4129 similem,
1614 4027 1851 4139 granuloso-

320 4135 549 4220 echinatam
576 4138 814 4227 ostendunt.
828 4145 889 4227 “Si
921 4144 1017 4228 baec
1046 4145 1321 4258 sporidiorum
1351 4144 1517 4255 granula
1546 4146 1590 4226 iu
1618 4169 1733 4227 veras
1762 4142 1851 4225 Tu·

319 4248 469 4333 berum
498 4282 703 4354 verrucas,
732 4254 913 4369 sporidio
943 4262 1207 4368 geminante,
1219 4263 1289 4372 *uti
1305 4262 1466 4374 Turpin
1496 4260 1644 4375 aliique
1663 4278 1850 4340 autuma-

320 4383 441 4463 runt,
482 4365 773 4475 increscerent,
814 4374 954 4474 etiam¹
976 4369 1122 4459 Tuber
1150 4376 1389 4486 Magnetum
1433 4376 1628 4458 corticem
1671 4372 1848 4456 verrucis

320 4502 595 4610 exasperatum
610 4484 789 4612 prolerre
805 4483 983 4572 deberet.
1016 4486 1145 4597 Quod
1159 4489 1210 4573 de
1240 4490 1405 4609 reliquis
1435 4489 1684 4591 Tuberibus,
1700 4487 1848 4570 cortice

318 4586 422 4671 laevt
441 4611 660 4692 rustructrs,
680 4595 797 4682 valet.
830 4601 983 4684 Omnia
1004 4606 1114 4684 enini
1129 4601 1295 4694 Tubera
1316 4636 1531 4690 verrucosa
1551 4629 1592 4690 et
1607 4640 1692 4692 non
1708 4644 1847 4702 verru-

319 4729 438 4806 cosa,
468 4703 674 4814 granulata
704 4703 899 4826 exhibent
928 4705 1171 4824 sporidia.,',
1372 4709 1374 4720 ’
1834 4708 1849 4724 ’
