5100 6900
1813 476 1856 562 59

385 582 657 667 Tuberonum
685 601 933 697 prototypus
965 579 1105 668 Genea
1147 579 1315 684 habitu,
1348 595 1436 662 tum
1473 579 1596 665 etiam
1625 577 1850 668 fructifica-

324 721 436 804 tione
479 716 713 833 Cupolatt's,
757 750 806 804 ex
834 719 1274 837 Hymettomycetibus,
1304 715 1408 801 adeo
1450 717 1634 833 proxima
1674 739 1763 821 est,
1802 739 1851 806 ut

323 855 437 940 facile
480 886 576 942 cum
614 857 711 970 ipsis
750 855 950 942 confundi
991 858 1130 971 possit.
1171 853 1381 939 Peridium
1422 885 1561 941 revera
1600 855 1712 969 apice
1749 885 1851 969 per-

324 1013 463 1078 tusum
498 992 691 1107 copulam
732 993 881 1098 refert3
926 990 1104 1110 quodsi
1141 994 1219 1076 asci
1248 993 1292 1075 in
1334 991 1560 1076 substantia
1599 991 1746 1106 peridii
1785 997 1849 1076 in·

323 1128 426 1213 clusi
468 1151 754 1242 emergerent,
798 1128 968 1244 Fungus
1010 1159 1106 1215 vere
1148 1128 1589 1239 hymenino-uterinus
1634 1130 1850 1243 (Peziza)

326 1264 527 1353 evaderet.

382 1400 576 1521 Denique
603 1402 732 1488 Pieoa
753 1400 889 1486 radius
919 1397 1087 1484 infimus
1125 1398 1413 1500 Tutorem,
1443 1402 1557 1486 venis
1595 1405 1711 1518 quasi
1748 1402 1856 1488 obli·

326 1540 482 1643 teratis,
511 1537 782 1653 sporidiisque
798 1539 842 1621 iu
871 1555 1014 1621 centro
1044 1537 1151 1621 uteri
1170 1538 1438 1638 coacervatis,
1467 1567 1542 1652 per
1558 1536 1855 1648 Polysaccuml

327 1696 368 1759 et
397 1672 706 1785 Endogoneml
735 1672 787 1759 ad
821 1672 865 1758 Τ
860 1654 1115 1790 ricomyeetes
1143 1674 1430 1760 subterraneos
1468 1674 1622 1760 transit.
1653 1672 1751 1760 Pars
1779 1676 1856 1762 sci·

325 1788 421 1893 lieet
449 1840 536 1894 non
565 1812 722 1896 intrusa
750 1809 896 1925 peridii
924 1813 1051 1923 magis
1081 1810 1245 1899 evoluta
1273 1841 1320 1896 ac
1339 1811 1506 1896 insimul
1535 1833 1745 1913 concreta,
1773 1832 1855 1897 ste·

326 1946 411 2031 rilis
440 1946 602 2053 evadit,
631 1966 755 2065 atque
785 1948 838 2033 ab
867 1944 1023 2032 intrusa
1062 1947 1335 2062 sporangilera
1364 1956 1588 2050 (venarum
1617 1973 1857 2062 apparatum

278 2086 284 2093 “
326 2085 632 2194 constituente)
663 2083 741 2168 sub
771 2086 1004 2168 maturitate
1033 2080 1256 2167 hincinde
1286 2079 1450 2182 secedit,
1479 2114 1606 2168 venae
1635 2085 1858 2171 obliteran-

326 2240 420 2319 tur,
448 2241 492 2307 et
520 2223 734 2334 sporangiu
762 2251 857 2307 uum
901 2219 1092 2331 sporidiis
1121 2220 1165 2303 in
1208 2220 1316 2302 uteri
1344 2239 1487 2303 centro
1523 2216 1694 2302 demum
1724 2221 1859 2308 soluta

327 2357 604 2443 inveniuntur.
636 2354 768 2463 Quod
797 2356 918 2441 etiam
958 2358 1002 2438 in
1030 2354 1317 2467 Elaphomyce
1353 2383 1401 2436 ex
1438 2349 1584 2438 ordine
1613 2353 1859 2472 Tricosper-

327 2519 513 2597 morum,
543 2492 587 2574 in
617 2521 743 2607 quem
773 2489 928 2574 abeunt
958 2489 1217 2575 Tuberaceae
1247 2492 1366 2601 (44),
1397 2492 1552 2605 optime
1581 2490 1832 2580 observatur.

388 2624 545 2712 Uterus
587 2657 726 2713 revera
766 2622 976 2737 juniorum
1005 2624 1341 2737 Elaphomyuum
1382 2628 1496 2711 venis
1536 2628 1864 2741 interstinguitur

336 2763 399 2844 uti
429 2764 471 2851 iu
491 2763 597 2847 veris
618 2750 838 2864 Tubereis3
865 2760 943 2849 sub
966 2763 1209 2847 maturitate
1239 2781 1378 2845 tamen
1406 2789 1498 2872 pars
1526 2784 1689 2846 externa
1719 2766 1865 2851 sterilis

336 2893 559 2999 solidescit,
590 2893 691 2980 dum
721 2899 901 2995 interna,
924 2898 1038 2980 venis
1068 2897 1110 2979 in
1139 2895 1290 2983 floccos
1318 2892 1483 3000 solutis,
1501 2896 1545 2981 in
1572 2927 1746 2984 massam
1768 2933 1864 3016 spo·

332 3031 569 3143 rungiferam
611 3053 824 3133 mutatur,
859 3054 982 3148 atque
1022 3034 1065 3116 iu
1106 3030 1320 3145 pulverem
1360 3030 1681 3145 sporidiiferam,
1721 3037 1859 3124 ssoceis

332 3177 556 3274 (venarum
585 3168 797 3286 reliquiis)
827 3171 1074 3283 inspersam,
1104 3168 1254 3253 ultimo
1284 3168 1467 3254 solvitur.

387 3303 456 3387 En
486 3302 700 3421 quomodo
735 3302 1057 3388 Tuberaceontm
1084 3304 1289 3416 peridium
1318 3308 1362 3386 iu
1392 3305 1533 3390 centro
1577 3309 1859 3397 essentialissi·

330 3468 447 3523 mum
475 3469 521 3524 ae
549 3469 645 3523 curn
673 3433 984 3525 fructificatione
1020 3439 1165 3525 intime
1193 3443 1414 3555 junctum,
1445 3471 1583 3528 versus
1613 3442 1747 3533 radios
1775 3452 1862 3535 mi·

331 3606 410 3663 nus
451 3573 661 3661 essentiale
708 3575 885 3681 factum,
914 3576 967 3661 ab
1006 3578 1092 3691 ipsa
1132 3577 1386 3693 pedetentim
1431 3576 1617 3681 secedat,
1652 3578 1786 3671 donec
1815 3617 1863 3670 ex

334 3743 415 3797 una
443 3734 556 3825 parte
586 3716 629 3796 in
657 3713 822 3797 volvam
850 3712 1210 3815 Phalloidearum‚
1246 3745 1295 3798 ex
1330 3713 1455 3799 altera
1483 3715 1525 3797 iu
1554 3714 1758 3830 peridium
1787 3749 1865 3832 ge-

335 3850 511 3932 nuinum
539 3847 878 3959 Tricomycetum
906 3849 1267 3937 subterraneorum
1297 3847 1619 3936 transformetur.
