5100 6900
1805 568 1846 646 tr

378 659 499 747 Odor
527 680 578 743 et·
598 666 718 776 sapor
740 656 903 747 debilis.
932 660 970 749 F
972 689 1104 776 ungas
1149 660 1432 777 magnitudine
1472 667 1587 755 nucis
1620 666 1847 774 avellanae,

320 826 410 881 raro
438 793 664 909 juglandis,
699 803 850 883 cortice
889 801 1005 885 tenui
1041 801 1223 887 vestitus.
1253 802 1395 889 Venae
1433 802 1718 914 subintegrae,
1746 804 1848 890 albi·

320 929 420 1034 dae,
449 932 565 1020 lineis
593 931 899 1047 obscurioribus
927 934 1160 1023 lateralibus
1196 937 1532 1057 circumscriptae.
1567 938 1849 1029 Exsiccatione

318 1065 436 1153 valde
465 1069 721 1155 contrahitur
750 1092 794 1155 et
821 1096 1073 1185 corrugatur.

372 1205 547 1292 Nullum
576 1206 702 1291 habet
730 1211 999 1297 vernaculum
1013 1256 1017 1263 ·
1031 1241 1196 1299 nomen.

370 1341 463 1427 Jarn
501 1365 710 1428 maturum
748 1343 945 1429 effoditur
972 1345 1099 1430 Junio
1137 1376 1183 1431 ac
1210 1344 1352 1446 tutio,
1382 1348 1426 1430 in
1469 1344 1593 1456 sylvis
1624 1369 1665 1432 et
1694 1343 1849 1461 campis

314 1477 602 1591 transpadanis.
635 1478 740 1563 Raro
770 1482 814 1564 in
841 1480 932 1565 soro
973 1486 1153 1596 prostat,
1183 1513 1205 1565 a
1236 1483 1400 1571 nemine
1443 1478 1578 1566 adhuc
1607 1482 1652 1563 in
1689 1476 1849 1566 cibariis

319 1634 541 1727 receptum.

353 1749 445 1885 'AF
446 1748 482 1830 F
485 1745 556 1833 IN.
589 1747 748 1836 Tuberi
777 1751 1272 1872 maculito'summopere
1307 1751 1440 1843 affine.
1470 1749 1750 1867 Distinfflritn'r
1778 1784 1849 1839 co-

313 1884 399 1968 lore
428 1882 666 1998 pallidiore,
695 1886 923 1977 mseacente
961 1892 1119 1997 menis,
1155 1894 1269 1979 venis
1304 1890 1553 2004 subintegris
1582 1888 1849 1976 filiformibus

318 2041 360 2104 et
389 2018 601 2138 superficie
629 2024 898 2133 immaculata

677 2304 705 2386 S
737 2334 759 2386 r
788 2334 813 2386 n
842 2335 864 2388 c
892 2334 907 2387 1
936 2336 960 2388 u
990 2334 1010 2388 s
1066 2298 1186 2387 XllI.
1222 2303 1482 2407 (nonvisa).

372 2567 473 2651 Tre.
500 2597 665 2654 urrann.
695 2567 806 2652 Desi

372 2714 399 2784 'a
428 2702 665 2790 Globosum
692 2704 942 2817 pyriforme,
970 2707 1107 2810 laeve,
1135 2706 1289 2790 albiam.
1413 2764 1416 2771 ‹

316 2873 425 2935 Terias
469 2872 693 2935 Africanorum.
721 2874 784 2936 Leo
805 2873 900 2959 Afric.
931 2872 985 2937 lib.
1006 2875 1059 2937 lx.
1080 2872 1215 2937 Tuherls
1244 2890 1342 2957 gaurs
1363 2869 1533 2935 etiams.
1552 2867 1651 2935 aaut.
1670 2867 1750 2937 ffist
1771 2869 1846 2944 XL,

360 3001 386 3040 e.
410 2977 461 3065 81,
481 2978 565 3044 Tre.
585 2982 717 3045 niveum.
738 2981 823 3065 Παῤ
843 2981 892 3043 Fi.
914 2979 975 3045 Ati.
996 2980 1037 3057 ΙΙ,
1057 3000 1127 3067 pag.
1147 2977 1219 3060 436.
1341 2994 1344 2999 '
1473 2996 1477 3005 ·

371 3116 530 3201 Totum
567 3141 683 3203 extus
723 3119 918 3235 intusque
952 3119 1124 3221 album,
1161 3117 1414 3231 globosum,
1454 3115 1704 3235 quandoque
1732 3117 1845 3229 pyri·

313 3250 454 3336 forme.
494 3253 612 3363 Desf
651 3253 805 3339 Cortex
845 3259 883 3339 ei
912 3255 1058 3361 albus,
1097 3258 1299 3371 reperitur
1332 3252 1628 3364 magnitudine.
1657 3253 1775 3339 nucis
1804 3269 1847 3332 et

311 3389 482 3473 aurantii
510 3388 616 3473 mali.
649 3390 804 3475 Arabes
831 3390 1089 3476 delectantur
1128 3394 1217 3504 ejus
1257 3420 1357 3495 esu,
1385 3389 1502 3508 quasi
1536 3406 1643 3476 esset
1672 3385 1847 3476 suche«

316 3553 432 3628 rum,
473 3546 516 3611 et
538 3525 663 3610 'bona
695 3528 869 3611 ratione:
900 3550 1009 3614 certe
1045 3528 1196 3642 prunis,
1225 3527 1468 3642 impositum
1508 3546 1564 3634 et
1578 3522 1724 3639 pingui
1752 3524 1844 3637 jure

311 3657 547 3774 adspersum
567 3662 782 3773 singularis
811 3683 853 3748 et
872 3661 1070 3749 delicatus
1084 3664 1211 3750 cibus.
1230 3662 1382 3750 Edunt
1409 3665 1534 3749 etiem
1551 3682 1720 3748 coctum
1749 3685 1846 3743 cum

312 3825 416 3911 aesna
443 3817 487 3880 et
514 3795 632 3881 lecte.

371 3930 568 4019 Abundat
597 3934 697 4020 locis
725 3931 865 4021 calidis
901 3936 945 4020 in
985 3965 1106 4022 arena
1133 3938 1178 4020 in
1205 3935 1434 4022 Numidiae
1461 3932 1652 4032 decens,
1680 3931 1846 4044 copiose

314 4072 426 4179 juxta
453 4070 601 4156 urbem
630 4072 723 4157 Sela
750 4072 872 4180 (Leo
888 4083 916 4179 ).
947 4071 998 4157 ln
1036 4072 1215 4157 arenosis
1245 4069 1415 4158 desertis
1452 4068 1667 4160 Barbariee
1696 4063 1848 4180 (Des-

314 4208 417 4290 font.
440 4212 468 4313 ).
498 4240 520 4286 n
553 4257 614 4275 -
641 4207 707 4292 Er
735 4208 902 4292 Friesio.

374 4344 469 4429 obs.
501 4345 689 4458 Species,
718 4346 862 4430 saltem
892 4377 940 4430 er
973 4344 1269 4459 descriptione,
1304 4341 1500 4430 adalind
1540 4371 1668 4454 genus
1710 4338 1846 4423 forsan

203 4527 212 4542 ·
315 4478 532 4566 reserenda.
569 4482 735 4568 Tubera
776 4486 886 4568 enim
924 4495 1084 4570 matura
1123 4483 1238 4567 intus
1260 4480 1421 4582 albida,
1451 4508 1473 4565 e
1503 4478 1663 4592 generis
1700 4470 1845 4560 defini·

319 4619 432 4701 tione
461 4613 573 4700 hand
602 4615 864 4704 admittenda.
895 4618 988 4707 Pari
1016 4621 1126 4704 enim
1157 4619 1314 4705 ratione
1357 4639 1399 4703 et
1427 4616 1551 4702 Picoa
1579 4636 1621 4699 et
1650 4610 1847 4695 Balsamia

315 4772 357 4835 et
386 4749 556 4857 Genea,
586 4753 621 4838 F
624 4756 737 4865 ungi
750 4773 932 4840 ceterum
961 4752 1248 4855 diversissimi,
1278 4751 1361 4836 hue
1389 4748 1530 4838 referri
1557 4744 1776 4842 deberent·
