5100 6900
1792 586 1833 649 63
1904 618 1906 621 v

304 692 570 797 tundi'initio
598 691 769 775 omnine
796 691 1009 804 pellucidi‚
1040 672 1218 812 quorum
1248 696 1293 776 in
1322 678 1464 778 centro
1485 690 1633 775 sensim
1655 712 1835 803 punctus

304 830 527 932 obscurus,
548 830 620 943 qui
641 825 736 910 inde
765 826 1043 939 sporidiorum
1065 828 1340 940 glomerulum
1359 826 1553 931 includit,
1583 825 1835 910 observatur.
1888 824 1889 827 ¹

304 966 369 1049 Ex
399 966 479 1049 hoc
508 966 637 1048 carnis
667 968 944 1076 progressivus
986 966 1111 1051 color.
1142 966 1264 1077 Septa
1306 986 1464 1067 autem,
1494 963 1679 1047 utriculis
1709 965 1839 1076 speri·

303 1099 453 1186 diileris
483 1098 700 1198 destituta,
730 1099 945 1184 subalbida
972 1122 1165 1201 manent,
1195 1128 1261 1204 ac,
1290 1101 1352 1182 uti
1381 1102 1424 1182 in
1455 1099 1634 1201 Tubere‚
1666 1128 1838 1181 massam

303 1238 407 1320 uteri
436 1235 677 1349 depingunt.
709 1236 819 1320 Tota
860 1238 1029 1352 perinde
1058 1241 1165 1324 uteri
1194 1268 1289 1321 caro
1327 1235 1485 1320 fatiscit.
1516 1235 1676 1317 Tubuli
1714 1239 1838 1318 exsic-

303 1376 381 1457 cati
411 1404 456 1456 ac
486 1375 661 1456 invicem
690 1360 857 1487 implexi
897 1360 1069 1458 stamina
1105 1394 1276 1477 texunt,
1308 1372 1550 1487 capillitiurn
1591 1370 1809 1454 efformant
1827 1405 1851 1483 ;ι

303 1506 479 1621 sporidia
527 1498 718 1612 liberata„
758 1509 838 1592 sub
882 1512 1112 1596 tenuissimi
1151 1514 1331 1627 pulveris
1370 1494 1500 1594 forma
1540 1508 1713 1591 stamina
1756 1507 1840 1588 ob·

303 1665 430 1727 ruunt
471 1676 516 1726 ac
555 1646 754 1756 pingunt,
796 1640 959 1750 donec,
988 1646 1146 1762 peridio
1187 1664 1490 1750 marcescente,
1532 1646 1671 1727 omnia
1707 1640 1841 1726 disse-

303 1799 551 1861 minantum
661 1828 665 1833 ·
1402 1880 1407 1885 .

315 1952 333 1961 ··
361 1915 574 1999 stratuum
618 1906 930 2030 disseptantium
949 1926 952 1933 ⁴
971 1925 1087 2033 origo
1128 1948 1150 2004 u
1184 1922 1221 2005 F
1222 1922 1341 2006 riesio
1381 1920 1586 2017 exhibita,
1630 1918 1840 2027 ingeniosa

303 2054 427 2161 magis
457 2078 591 2167 quam·
613 2082 717 2136 vera.
741 2052 1000 2167 Huiusmodi
1030 2058 1140 2141 enim
1170 2076 1283 2172 'septa
1312 2042 1395 2170 jam
1424 2087 1447 2137 a
1475 2055 1510 2137 F
1514 2054 1611 2162 ungi
1633 2073 1729 2135 ortu
1759 2051 1838 2135 sub

302 2189 572 2302 microscopio
602 2187 873 2273 observantur
904 2193 1071 2302 (tubuli
1101 2194 1288 2278 vesiculis
1317 2180 1583 2305 sporidiiferis
1602 2184 1789 2270 destituti
1806 2191 1841 2289 );

307 2345 492 2409 ceterum
525 2355 618 2408 cum
652 2328 808 2409 ratione
837 2349 994 2439 pugnat
1034 2329 1358 2413 constantissima
1388 2326 1487 2407 haec
1517 2342 1630 2436 septa
1659 2319 1711 2403 ab
1741 2320 1843 2401 acci·

194 2484 197 2497 ’
304 2459 457 2543 dentali
486 2461 814 2571 parenchymatis
851 2483 1045 2575 ruptura,
1075 2490 1180 2579 quae
1209 2462 1317 2546 forte
1347 2489 1562 2576 uunquam
1596 2460 1639 2542 in
1680 2458 1843 2542 vivente

304 2595 454 2706 Fungo
483 2598 702 2706 contingit,
733 2618 926 2711 repetere.

365 2720 887 2843 AFFIN.IEtaph0myces
928 2760 1021 2816 cum
1054 2734 1221 2818 Tubere
1261 2737 1516 2842 vegetatione
1561 2751 1603 2813 et
1638 2750 1843 2813 structura

312 2865 541 2949 luculenter
576 2866 779 2976 analogus.
810 2866 962 2952 Differt
998 2870 1211 2983 morphosi
1240 2870 1476 2982 praesertim
1512 2870 1614 2951 sicca
1641 2865 1841 2949 ssoocoso-

306 3001 546 3113 pulverosa‚
577 3033 624 3086 ae
652 3034 848 3087 venarum
877 3007 1043 3116 origine.
1075 2992 1391 3091 Sclerodermati
1420 3006 1542 3089 etiam
1579 3030 1840 3113 summopere

309 3135 461 3241 affinis3
489 3139 635 3253 peridii
668 3162 802 3225 tamen
832 3141 972 3227 indole
1001 3172 1198 3228 venarum
1219 3140 1508 3258 dispositione,
1536 3160 1598 3223 ast
1625 3134 1842 3250 praecipue

311 3268 633 3363 fructificationis
662 3299 807 3361 natura
837 3276 1063 3363 distinctus.
1148 3314 1151 3323 ¹
1415 3266 1419 3271 ¹
1571 3292 1573 3295 ’

363 3409 508 3495 HIST.
540 3412 576 3493 F
579 3413 677 3521 ungi
707 3412 983 3516 subterranei,
1022 3415 1307 3526 persistentes,
1340 3410 1671 3521 subfragrantes,
1707 3412 1790 3521 jam
1820 3438 1843 3490 a

309 3546 585 3660 Teophrast0,
616 3548 906 3665 veteribusque
926 3548 1121 3634 omnibus
1150 3549 1355 3634 Botanicis
1383 3546 1595 3647 celebrati;
1614 3577 1702 3630 non
1725 3575 1840 3629 escu-

304 3682 432 3780 lenti,
461 3680 533 3766 sed
564 3714 586 3765 a
616 3686 768 3782 cervis,
798 3686 965 3788 suibus,
995 3705 1094 3789 etc,
1130 3687 1193 3770 uti
1221 3686 1442 3800 perhibent
1472 3685 1697 3785 Auctores,
1728 3712 1840 3766 sum-

304 3848 472 3931 mopere
515 3821 692 3931 expetiti.
730 3820 897 3904 Tubera
934 3823 1094 3906 cervina
1135 3818 1267 3924 dicta,
1303 3819 1420 3938 quod
1462 3851 1484 3903 e
1526 3817 1691 3930 genitali
1733 3819 1843 3900 cervi

308 3956 486 4056 semine,
516 3952 619 4037 dum
648 3958 769 4039 maris
799 3959 1001 4068 impetum
1020 3954 1217 4066 fugiendo
1236 3956 1454 4040 frustratur
1474 3954 1671 4058 foemina,
1692 3953 1843 4065 elapso,

309 4091 440 4172 enasci
471 4088 573 4173 olim
594 4089 855 4197 credebatur3
885 4119 969 4175 nou
997 4091 1114 4175 aliter
1125 4083 1178 4175 ac
1206 4091 1378 4177 Phallus
1402 4090 1636 4206 impudicus
1665 4085 1845 4201 aPriepi

310 4225 474 4307 semine.
516 4226 553 4308 A
596 4228 806 4312 nonnullis
849 4227 1118 4341 aphrodisiaci
1156 4224 1353 4318 dicuntur
1396 4226 1513 4339 (vid.
1547 4223 1664 4311 Gtat
1708 4224 1842 4307 Mete.

309 4387 347 4469 p.
385 4357 505 4469 156),
537 4361 673 4472 Fungi
702 4394 790 4447 non
820 4363 956 4448 adhuc
985 4366 1061 4448 rite
1089 4364 1381 4473 cognitit'sub
1410 4367 1530 4448 unica
1559 4365 1694 4475 specie
1725 4360 1845 4470 (Tu-

307 4494 381 4578 ber
408 4501 642 4607 cervinum)
672 4500 871 4613 plurimae
899 4501 1035 4587 forsan
1065 4499 1279 4618 hucusque
1308 4499 1542 4617 descriptae.
1558 4502 1679 4584 Fries
1687 4502 1846 4612 primus

312 4629 413 4713 duas
444 4628 677 4718 describens
707 4625 859 4748 species
889 4642 1167 4746 (morientum
1201 4656 1245 4721 et
1277 4629 1569 4751 gronoluetm)
1599 4633 1847 4744 Mycologo-

310 4791 401 4849 mm
414 4772 711 4853 'attentionem
755 4774 951 4855 excitavit.
993 4767 1167 4854 Duabus
1202 4770 1354 4855 ¹‘Friesii
1397 4761 1609 4886 speciebus
1650 4768 1846 4884 plurimas

317 4902 412 4988 aliut
439 4902 724 5020 adjunximus,
755 4909 1023 5024 iconibusque
1053 4896 1368 5000 illustravimus(
