5100 6900
1213 630 1676 722 Seec'tnsIX.
1796 646 1799 653 ’

741 908 841 992 Tun.
871 906 1051 989 Boncuu.
1080 900 1189 989 Nob.
1218 952 1278 973 -·-
1307 904 1411 991 Tah.
1442 907 1487 1009 l,
1516 905 1583 1018 fig.
1615 904 1690 990 Ill.

740 1038 1077 1145 Subrotundum,
1107 1071 1197 1125 raro
1215 1040 1718 1157 tuberum-granulosum,
1746 1040 1875 1151 laeve3
1904 1047 2047 1158 puncti
2067 1047 2208 1137 absor-

682 1180 828 1264 bentes
856 1177 956 1266 varii
983 1180 1026 1263 in
1062 1176 1275 1293 superficie
1304 1183 1452 1295 sparsi,
1480 1178 1570 1264 basi
1607 1207 1705 1264 vero
1746 1177 1870 1263 nulla
1899 1182 2040 1269 Venae
2077 1188 2208 1301 maju-

680 1314 814 1403 sculae
843 1315 1378 1428 guarluse-emergimus,-
1404 1317 1619 1422 consusae,
1648 1314 1804 1433 ubique
1832 1339 2206 1424 anastomosmtos,

680 1482 704 1536 e
733 1452 850 1538 variis
878 1452 1128 1568 peripheriae
1157 1455 1321 1566 punctis
1348 1456 1394 1539 in
1417 1482 1581 1540 carnem
1608 1454 1821 1539 immissae.
1852 1453 2041 1572 Spotidia
2058 1458 2206 1546 subro-

681 1584 837 1689 tunda,
866 1586 1077 1694 subnuda,
1106 1588 1376 1677 rabbodum

680 1786 788 1852 Tuber
808 1791 964 1854 albidum·
997 1813 1206 1878 compressum
1227 1814 1338 1857 nucem
1366 1813 1521 1878 aequans,
1551 1793 1657 1869 laeve,
1690 1791 1929 1856 affindnereum
1935 1793 2064 1880 ,pulpa
2090 1750 2208 1857 allrido·

721 1894 835 1974 livida,
855 1898 989 1961 ferinosn
1009 1899 1153 1962 venulato
1173 1900 1302 1965 reumlo
1324 1904 1372 1966 vir
1393 1902 1558 1986 conspicuo
1579 1898 1813 1982 (tamarum
1820 1899 2019 1984 descripsit),
2040 1900 2143 1962 oderis
2164 1899 2208 1961 al·

721 1998 921 2064 linceo-terrei
943 2005 1111 2085 gravier
1074 2005 1146 2067 Pico
1166 2005 1288 2069 Malaca
1319 2025 1389 2090 pag.
1411 2027 1452 2090 79
1487 2004 1568 2089 (sub
1587 2004 1692 2086 nota)
1713 2006 1886 2067 cunm
1917 2006 1965 2067 De
1984 2004 2094 2067 corat
2114 2006 2208 2067 teto

723 2125 793 2190 ru
814 2106 879 2190 67·

738 2252 860 2338 Odor
887 2255 1027 2358 fortis,
1057 2281 1260 2365 terr-osus,
1289 2198 1622 2350 submonemus
1653 2259 1824 2370 Fungus
1853 2265 2092 2383 (maturus)
2120 2288 2205 2343 ma·

681 2389 896 2498 gnitudine
924 2395 1001 2508 pisi
1035 2394 1088 2479 ad
1116 2398 1185 2482 ovi
1224 2398 1432 2507 gallinacei
1470 2399 1589 2484 varia.
1620 2395 1864 2511 superficies
1892 2398 2027 2509 primo
2059 2396 2205 2483 subm·

681 2548 893 2629 mentesa,
922 2532 1064 2636 nivea,
1094 2530 1264 2619 demum
1302 2534 1448 2638 laevis,
1483 2534 1631 2619 coloris
1668 2530 2090 2636 albidorufescentis,
2118 2548 2206 2617 ma·

535 2713 543 2719 -
677 2663 780 2749 culis
809 2670 1116 2755 saturatioribus
1145 2693 1296 2756 notata.
1329 2670 1482 2756 Cortex
1497 2673 1652 2768 tenuis,
1680 2669 1855 2776 fragilis,
1884 2666 2205 2777 rugosiusmlus,

679 2827 754 2881 nec
782 2796 897 2883 facile
925 2804 1169 2915 separabilis.
1199 2805 1308 2890 Caro
1337 2805 1456 2889 initio'
1485 2832 1637 2921 aquosa
1665 2800 1820 2906 albida,
1849 2818 2084 2917 compacta,
2114 2803 2206 2885 ino·

680 2930 797 3037 dora,
826 2935 1023 3052 insipida,
1052 2937 1222 3026 demum
1250 2941 1413 3046 mollis,
1443 2937 1713 3044 subffiahitir,
1743 2936 1935 3038 odorosa,
1963 2935 2205 3034 mlo-mser,

671 3072 920 3181 nigrescens.
950 3075 1090 3162 Venae
1118 3076 1279 3165 albidae
1318 3079 1462 3164 leviter
1500 3075 1766 3176 mensures,
1793 3078 1838 3160 in
1872 3072 2087 3188 superficie
2116 3072 2205 3157 Tu·

679 3206 814 3311 beris,
844 3211 901 3294 ob
930 3217 1037 3303 uteri
1066 3217 1389 3319 incrementum,
1418 3215 1516 3299 hinc
1544 3212 1657 3297 illinc
1698 3209 1777 3295 sub
1817 3212 2014 3294 rimarum
2053 3206 2120 3290 vel
2147 3208 2205 3289 la·

679 3352 879 3429 cunarum
907 3344 1037 3432 sonna
1076 3373 1246 3464 apertae
1280 3381 1353 3434 sen
1389 3349 1632 3461 explicatae!
1675 3345 1957 3430 Exsiccatione
1986 3339 2104 3429 valde
2133 3339 2205 3427 de·

679 3483 822 3566 crescit
850 3503 893 3566 et
920 3506 1183 3597 corrugatum
1212 3482 1461 3574 diffimlrer
1450 3515 1493 3567 m
1503 3482 1695 3570 frustula
1714 3479 1934 3642 redigitur,
1963 3509 2067 3598 <prae
2091 3482 2202 3593 juxta

679 3645 875 3703 venarum
904 3616 1122 3706 decursum
1150 3652 1248 3707 mox
1277 3622 1525 3738 aperiuntur

665 3789 670 3798 ¹
735 3743 876 3863 Vulgo
904 3755 1140 3842 Breucum
1166 3790 1193 3841 a
1222 3761 1374 3845 colore
1389 3759 1589 3845 albicante
1618 3757 1763 3871 peridii
1793 3756 1953 3842 dicitur.

668 3943 674 3950 ·
737 3888 966 3975 Novembri
994 3923 1136 3977 mense
1165 3917 1437 3981 maturescere
1466 3895 1630 4010 incipit,
1659 3893 1791 4007 Aprili
1819 3890 2032 3979 evanescit.
2053 3889 2208 4004 Copio-

671 4026 833 4109 ,sissima
863 4046 1000 4112 tamen
1029 4026 1224 4132 effoditur
1253 4029 1478 4116 Februario
1508 4052 1551 4114 et
1579 4028 1742 4114 Martio,

739 4159 896 4246 Crescit
924 4164 1100 4250 solitarie
1129 4197 1175 4252 ac
1203 4167 1270 4251 vix
1298 4167 1612 4252 subterraneum
1640 4167 1683 4250 in
1713 4164 1813 4251 locis
1846 4164 2044 4275 argillosis
2073 4161 2207 4271 sylva·
2275 4235 2277 4242 s

688 4300 776 4384 ticis
795 4301 1003 4384 montium
1021 4311 1064 4386 'et
1093 4303 1263 4389 collium
1282 4302 1668 4419 transpadanorum,
1687 4332 1779 4388 raro
1797 4303 1842 4385 in
1870 4297 2057 4413 planitie3
2076 4295 2208 4381 abun·

652 4434 916 4524 '·dantissime
955 4470 1052 4526 vero
1091 4442 1136 4525 in
1174 4443 1375 4559 quercetis
1417 4441 1501 4526 fere
1534 4438 1728 4524 omnibus
1767 4436 1852 4548 agri
1890 4433 2207 4521 mediolanensis

680 4601 796 4658 secus
824 4574 981 4660 flumen
1008 4577 1197 4681 Lanrbru
1225 4601 1269 4664 et
1293 4580 1376 4692 agri
1391 4576 1622 4679 ticinensis,
1641 4575 1879 4688 praesertim
1906 4574 1950 4658 in
1969 4567 2208 4657 nemoribus

681 4707 789 4793 della
817 4712 975 4814 Rosea,
1017 4710 1063 4796 dr·
1095 4715 1135 4799 S
1176 4715 1308 4829 Sesto,
1346 4713 1390 4799 Τ
1385 4746 1470 4800 ome
1509 4712 1691 4817 diseio,
1728 4715 1773 4797 in
1802 4708 2043 4797 nemoribus
2079 4739 2208 4823 prope

670 4844 736 4929 S
758 4845 955 4932 Giceomo
984 4848 1071 4933 alla
1102 4849 1268 4951 Cemda,
1298 4849 1538 5007 Belgirp‘oso,
1566 4873 1662 4952 etc,
1691 4850 1861 4965 aliisque
1882 4846 2052 4933 loeis
2012 4875 2080 4931 ιιι
2098 4865 2209 4930 extra

684 4981 1132 5206 urlddsmaddln‘laubera
1121 5122 1320 5209 inferioris
1335 5147 1457 5209 notae
1476 5143 1642 5237 spectat,
1659 5151 1756 5206 cum
1775 5116 1942 5204 Tubere
1964 5055 2204 5228 Magnetum

688 5255 959 5368 aMyeologis
989 5258 1201 5378 hucusque
1230 5260 1447 5348 confusum
1477 5263 1586 5366 (do),
1613 5259 1679 5344 cui
1707 5286 1806 5342 vero
1835 5250 2015 5340 succedit
2043 5277 2252 5342 summo

685 5389 829 5476 hieme.
859 5394 924 5481 De
954 5395 1087 5484 Borch
1118 5402 1274 5513 primus
1303 5419 1351 5485 ut
1379 5400 1529 5514 species
1559 5393 1752 5483 distinxit.
1783 5390 1928 5479 Tuber
1965 5394 2206 5508 ceteroquin
