5100 6900
369 628 437 714 Ab
481 623 591 711 Italis
637 620 818 738 Trffole,
865 620 1024 740 Tnfita
1063 623 1239 726 fianta,
1263 608 1457 737 ‘Tartnfin
1499 625 1668 725 lienem
1710 528 1843 739 vulgll

314 766 521 852 Braurona
547 794 571 847 a
599 763 739 849 colore
765 759 932 876 pallido.

367 900 580 995 Nonnulla
607 899 779 1011 hujusce
807 897 986 987 Tuberis
1014 895 1224 987 individua
1252 900 1336 1012 jam
1364 898 1442 984 sub
1468 897 1494 983 J
1496 896 1568 985 ulii
1595 893 1723 1014 finem
1751 931 1836 985 ma·

310 1061 514 1125 turescere
541 1036 772 1150 incipiunt,
800 1067 905 1153 quae
946 1054 1047 1123 tunc
1088 1032 1262 1121 Fiorunt‘
1299 1057 1526 1139 vocantur,
1561 1066 1656 1150 prae
1696 1041 1838 1123 ceteris

311 1177 488 1290 pretiosa
517 1194 559 1260 et
587 1174 773 1288 expetita.
802 1174 953 1287 Magna
980 1204 1079 1261 vero
1107 1204 1234 1259 mauu
1261 1172 1344 1261 hoc
1372 1173 1517 1259 Tuber
1544 1172 1740 1260 effoditur
1768 1207 1839 1262 au·

311 1333 465 1401 tumno
492 1308 708 1399 recedente
735 1333 781 1397 et
808 1315 976 1398 ineunte
1006 1311 1151 1397 hiems.

370 1448 516 1539 Solum
546 1450 690 1534 eximie
717 1449 954 1560 argillosam
997 1446 1222 1554 inhabitat3
1250 1445 1461 1535 interdum
1502 1464 1640 1531 tamen
1672 1446 1725 1530 ad
1754 1470 1840 1533 tor·

253 1592 264 1605 “
313 1585 493 1670 rentium
521 1588 734 1695 margines,
763 1589 870 1670 inter
899 1585 1060 1697 argillae
1089 1606 1132 1671 et
1159 1585 1523 1699 superimpositae
1550 1612 1692 1673 arenae
1721 1603 1843 1669 strata

312 1719 422 1804 latet
466 1720 673 1828 Salicum,
713 1721 969 1838 populorum
1009 1745 1051 1809 et
1094 1753 1322 1841 quercuum
1365 1720 1557 1805 umbram
1602 1719 1840 1837 praediligit.

312 1853 455 1943 Etiam
475 1858 539 1949 ,in
568 1860 720 1973 campis
760 1862 909 1974 apertis
950 1881 992 1947 et
1020 1860 1140 1949 cultis
1181 1862 1348 1967 crescit,
1376 1859 1451 1947 ubi
1478 1857 1652 1945 bubulci
1690 1854 1842 1945 arando

312 1995 480 2107 copiose
506 1994 720 2080 interdum
748 1994 976 2083 denudant.
1030 2036 1035 2055 .

373 2127 588 2234 Solitarie,
618 2161 709 2215 raro
752 2137 931 2243 gregario
960 2134 1088 2238 vivit,
1117 2134 1249 2219 humo
1278 2133 1523 2248 plerumque
1564 2131 1644 2215 alte
1684 2130 1846 2212 immis-

316 2292 409 2348 sum
441 2263 547 2378 (³9)·
987 2270 992 2277 '
1543 2270 1546 2277 ’

374 2399 556 2487 Abunde
584 2404 628 2486 in
656 2402 872 2489 montibus
899 2423 943 2488 et
970 2403 1147 2490 collibus
1174 2400 1512 2517 pedemontanis,
1527 2398 1847 2505 'Montissarrati

318 2538 531 2649 Liguriae,
561 2538 685 2623 Assae
712 2538 935 2655 Pompeiae
963 2540 1121 2649 (Atti),
1150 2540 1372 2646 Novariae3
1400 2539 1443 2624 in
1472 2536 1648 2624 collibus
1666 2558 1708 2622 et
1727 2568 1848 2621 mon·

320 2672 457 2778 tibus,
486 2704 562 2758 nec
591 2705 680 2761 uon
707 2679 753 2762 iu
780 2677 949 2790 planitia
976 2677 1271 2792 transpadana,
1300 2676 1538 2791 praesertim
1566 2677 1670 2761 circa
1701 2670 1848 2758 Calca-

321 2809 464 2892 habbia
494 2811 538 2894 in
569 2811 672 2894 Iriac
700 2815 725 2923 (
723 2810 774 2896 V
767 2810 930 2928 oglon)
958 2810 1177 2928 provincia.
1208 2810 1275 2895 An
1305 2810 1435 2895 alibi?

377 2943 556 3030 Naribus
584 2967 627 3030 et
654 2947 790 3060 palato
833 2944 937 3033 adeo
955 2948 960 2957 '
976 2947 1218 3035 deliciosum
1246 2948 1330 3034 lroc
1373 2945 1561 3033 autumni
1601 2941 1852 3061 productum
2014 2993 2018 3003 ·

322 3078 484 3184 evadit,
512 3103 588 3185 ut,
619 3083 780 3167 tametsi
808 3104 923 3169 certo
950 3104 1136 3199 tempore
1164 3104 1225 3169 sat
1252 3092 1498 3182 commune,
1535 3077 1759 3166 immodico
1788 3082 1851 3164 ni·

321 3214 548 3301 hilominns
576 3214 780 3303 vendatur
806 3222 951 3335 pretio.
969 3221 1153 3306 'Meliora
1182 3242 1281 3307 sunt
1308 3251 1413 3338 quae
1441 3220 1617 3305 formam
1639 3212 1851 3300 'rotunda-

321 3371 406 3433 tam
434 3350 477 3435 st
505 3352 668 3437 carinam
699 3353 917 3439 obstruam
946 3386 993 3440 ao
1020 3354 1240 3440 odomsam
1269 3355 1453 3460 habenta
1487 3354 1588 3438 haec
1616 3354 1728 3435 eninr
1756 3380 1852 3435 ma·

321 3495 413 3570 tura
440 3509 538 3572 sunt
573 3509 616 3574 et
657 3491 702 3573 iri
735 3489 908 3576 frustula
947 3490 1065 3576 facile
1100 3487 1229 3602 redigi
1267 3497 1455 3606 possunt.
1498 3490 1641 3576 Minus
1682 3486 1853 3605 probata

322 3653 424 3739 quae
452 3622 628 3709 formam
647 3655 934 3740 compressam,
953 3625 1396 3737 marginata-lobnam,
1415 3624 1589 3739 insipida
1618 3655 1716 3711 vero
1735 3653 1853 3740 quae,

322 3756 455 3843 adhuc
484 3761 713 3865 immatura,
742 3791 906 3852 carnem
932 3760 1114 3848 albidum
1142 3761 1361 3847 inodoram
1390 3762 1556 3847 habens
1577 3759 1856 3869 Distinguitur

323 3895 493 3980 varietas
531 3924 650 3981 carne
691 3927 906 4008 gramma,
935 3901 1049 3984 asnis
1077 3898 1419 3984 numerosissimis
1461 3892 1726 3984 filiformibus
1762 3925 1856 4009 per-

324 4059 466 4126 cursa,
493 4028 708 4141 fragillima
737 4064 784 4119 ao
820 4034 957 4119 bieme
995 4054 1281 4119 maturascens
1312 4033 1449 4147 Hujus
1486 4028 1699 4117 individua
1727 4031 1854 4143 vulgo

327 4164 555 4251 Glu'aeorirli
581 4177 806 4279 vocantur,
834 4145 972 4287 sapida
1000 4170 1171 4291 quidem
1199 4170 1273 4259 sed
1301 4201 1427 4282 aegre·
1446 4190 1644 4256 secantur.

382 4304 457 4387 AF
460 4304 568 4391 FIN.
611 4307 759 4426 Tuber
796 4310 1064 4422 Magnatum,
1100 4314 1208 4395 inter
1225 4333 1232 4348 ’
1250 4331 1385 4395 cetera
1430 4308 1600 4422 hujusce
1638 4305 1855 4411 sectionis,

326 4439 484 4527 Tuberi
513 4441 678 4530 Borobii
706 4445 838 4533 affine.
868 4447 1148 4560 Distinguitur
1176 4448 1327 4533 cortice
1367 4445 1594 4562 papilloso,
1623 4443 1854 4556 argillaeeo·

325 4577 592 4680 flavescente,
621 4579 750 4669 odore
777 4585 965 4691 alliaoeo,
994 4586 1133 4671 colore
1161 4586 1292 4670 carnis
1330 4582 1565 4697 pallidiore,
1593 4611 1737 4696 sapore
1764 4610 1853 4690 gra·
2001 4643 2006 4662 .

328 4734 516 4818 trssrmo,
544 4734 620 4800 etc
988 4765 994 4792 ι.

385 4847 501 4933 ote·
520 4848 686 4937 Nomen
718 4851 961 4967 ¹specificam
1001 4850 1242 4963 Magnetum
1282 4877 1306 4936 a
1345 4851 1445 4940 Pico
1485 4850 1744 4958 adhibitum,
1780 4848 1856 4937 illo

328 4985 540 5072 Persoonii
568 4991 775 5109 antiquius
803 4989 856 5078 de
884 5020 1001 5078 more
1030 4988 1193 5077 rednui.
