5100 6900
705 758 769 842 (24)
790 757 926 823 Annales
945 756 984 819 de
1005 760 1036 818 la
1056 753 1175 821 Soeie'te‘
1192 754 1426 819 &Horreum
1444 757 1483 818 cle
1503 752 1599 820 Paris.
1622 759 1710 820 Tum.
1732 759 1790 834 lv,
1811 757 1876 820 tivr.
1904 783 1952 843 17,
1973 784 2041 846 pug.
2064 764 2092 826 5.

704 864 769 948 (25)
790 866 881 927 Delia
900 865 1092 927 coltivazione
1110 862 1293 948 de'Tomfi
1314 864 1394 926 Meu
1421 865 1507 944 1827.

703 971 767 1054 (26)
790 970 926 1050 Quidam
948 966 1100 1031 otonem·
1120 980 1293 1030 motomam
1314 971 1496 1051 thgorum
1516 981 1657 1032 naturam
1678 974 1789 1033 aeriter
1820 970 2007 1050 defendens,
2028 977 2190 1041 Tuberum

661 1075 794 1160 sporidia
815 1094 874 1157 pro
895 1073 1081 1134 insertorum
1102 1072 1200 1135 erulis
1221 1078 1357 1158 sumpsit.
1379 1077 1565 1138 insectorum
1587 1073 1657 1138 ideo
1674 1077 1829 1154 Οναήωη,
1850 1082 1894 1140 nti
1919 1079 2051 1144 Comitis
2067 1092 2098 1145 et
2114 1085 2186 1146 Ser·-

660 1180 784 1242 nslurias
804 1180 912 1243 Tuber
932 1181 1153 1257 eonsideravlt,
1173 1201 1231 1265 per
1249 1181 1474 1243 imbibitionem
1506 1203 1543 1244 er
1574 1182 1780 1245 inhalantibus
1800 1185 1938 1268 porulis,
1965 1188 2187 1250 nutrimentum

657 1286 791 1364 habeus,
812 1309 875 1370 quo
907 1288 1081 1371 digestionis
1112 1288 1268 1372 enjusdam
1291 1287 1429 1348 animalis
1460 1292 1491 1349 vi
1522 1289 1562 1350 ad
1582 1291 1790 1351 maturitatem
1823 1295 1969 1374 pervenit.
1998 1293 2085 1355 Conf.
2117 1295 2190 1354 Pioo

660 1395 823 1456 1112121121
846 1395 955 1458 eitand.
976 1418 1008 1479 p.
1031 1418 1114 1480 77·9.
1922 1412 1927 1419 ·

700 1499 766 1584 (27)
787 1501 853 1563 1122
871 1502 1003 1563 Miehelii
1025 1500 1151 1562 effatum
1173 1500 1251 1561 adeo
1271 1520 1380 1561 verum
1402 1511 1468 1580 est,
1488 1513 1524 1563 ut
1545 1503 1682 1564 formosa
1695 1505 1906 1566 Amanitarum
1924 1504 2040 1566 familia
2061 1505 2103 1566 ob
2121 1498 2191 1566 elra-

658 1617 808 1668 meterem
829 1606 936 1667 volvae
956 1609 1056 1666 minus
1078 1616 1221 1683 eentum,
1243 1628 1313 1667 cum
1335 1606 1387 1667 ille
1403 1611 1601 1692 Lepiotarum
1622 1609 1713 1691 plane
1731 1609 1873 1687 confluat
1896 1612 2013 1672 Omnes
2036 1616 2116 1673 enim
2132 1613 2189 1673 Le·

658 1715 760 1793 piotae
781 1712 869 1773 volva
890 1716 1096 1795 patentissime
1117 1716 1217 1797 prima
1238 1724 1338 1775 aetate
1358 1714 1586 1791 obvolumtm,
1606 1737 1685 1796 quae
1707 1715 1782 1777 dum
1802 1719 1901 1801 Fungi
1930 1716 2045 1801 pileolo
2075 1720 2188 1779 exitum

546 1822 549 1829 ’
657 1829 762 1899 parat,
783 1821 815 1877 in
835 1817 965 1878 bulbum
988 1820 1112 1901 stipitis,
1134 1839 1166 1879 se
1177 1841 1209 1879 se
1220 1816 1379 1882 reflectens
1396 1821 1639 1881 transformatur.
1656 1822 1749 1900 Quod
1769 1825 1802 1883 in
1819 1844 1888 1884 mea
1909 1825 1948 1887 de
1961 1825 2078 1906 Fungis
2100 1843 2184 1885 esus·

657 1923 746 1984 lentis
767 1926 871 1986 futura
891 1924 1103 1986 lucubratione
1124 1925 1192 1988 luce
1213 1925 1325 1988 clarior
1346 1927 1513 1988 ostendam.
2278 1994 2284 2001 ,

700 2028 763 2111 (28)
790 2030 886 2092 Ueber
904 2031 954 2090 die
974 2032 1186 2112 Entwr'elrluug
1203 2032 1259 2093 der
1277 2034 1462 2117 Equiseteen,
1484 2032 1691 2094 imbesondere·
1706 2032 1760 2093 des
1779 2034 1952 2117 Equiseewn
1968 2034 2113 2116 palustre,
2133 2052 2189 2093 aus

657 2135 716 2197 cleu
736 2136 860 2221 Sporen.
883 2135 983 2218 (Nora
1003 2138 1079 2197 Aeta
1098 2136 1189 2211 Phys.
1211 2136 1291 2196 Med.
1313 2135 1404 2196 lead.
1423 2138 1509 2197 Caes.
1529 2139 1624 2220 Leop.
1647 2138 1716 2196 Car.
1738 2136 1803 2195 Nat.
1826 2136 1898 2196 Cur.
1916 2137 1953 2197 T.
1968 2136 2057 2212 XIV,
2078 2139 2112 2199 P.
2129 2137 2186 2219 ll).

698 2240 762 2326 (29)
784 2242 843 2302 Bes
863 2243 996 2326 spondes
1015 2241 1068 2302 des
1091 2242 1320 2326 Clearnpignom
1342 2244 1385 2304 ait
1400 2241 1592 2325 Ehrenberg,
1601 2241 1722 2326 placees
1736 2240 1814 2302 daus
1829 2241 1881 2303 des
1895 2244 2108 2304 cimonstances
2118 2264 2189 2328 pm·

651 2370 722 2430 pres
742 2349 764 2409 ὰ
784 2348 849 2408 leur
857 2350 1098 2421 aeomr'ssement,
1117 2361 1315 2408 commonent
1331 2367 1394 2432 pur
1412 2349 1530 2411 21222122
1551 2370 1643 2410 2222
1651 2347 1736 2410 dem
1743 2346 1909 2432 filmnens,
1928 2351 1983 2434 qui
2008 2349 2190 2423 s'etendem,

632 2430 682 2514 ¹et
701 2453 931 2513 s'entmcroisent
949 2466 1020 2512 aveo
1040 2472 1119 2513 eum
1146 2473 1294 2534 prusenus
1313 2453 1373 2547 cleg
1394 2457 1528 2538 penales
1559 2456 1701 2529 vozsr'ueo,
1720 2469 1750 2519 et
1769 2457 1906 2539 fonnem
1931 2457 2011 2517 ainsi
2041 2477 2099 2517 rme
2119 2456 2189 2516 bure

643 2558 854 2641 filatnenteuse
873 2557 912 2618 de
932 2560 964 2619 Ia
983 2558 1080 2643 quelle
1100 2558 1204 2619 s'ete've
1223 2560 1251 2619 le
1275 2559 1481 2643 Chuepignon
1501 2558 1655 2621 lui-meme.
1678 2560 1780 2642 (Nova
1800 2572 1867 2623 acta
1881 2563 1972 2623 Aoad.
1988 2563 2073 2623 Caes.
2091 2562 2186 2644 Leop.

656 2676 717 2725 nat.
740 2687 802 2727 eur.
825 2665 861 2725 Τ.
882 2665 928 2739 X,
946 2687 976 2748 p.
1004 2663 1087 2749 159).

696 2768 761 2851 (32)
785 2769 835 2830 On
855 2774 907 2830 n'a
925 2790 1024 2830 conen
1035 2769 1291 2854 jusque-presan
1307 2792 1390 2851 pour
1409 2786 1488 2831 toute
1508 2774 1621 2850 origine
1640 2790 1708 2831 aue
1731 2773 1969 2854 Cisampigaons,
1990 2774 2032 2830 ait
2058 2770 2188 2831 Palissot

654 2880 692 2937 de
713 2875 861 2934 Beauvois
882 2878 914 2933 in
936 2893 991 2932 suo
1013 2875 1052 2931 de
1072 2874 1253 2952 Fungorum
1275 2876 1495 2933 commentario
1517 2872 1576 2954 (V.
1597 2874 1817 2958 Encyeleptdie
1836 2873 2023 2959 11211112ᾰί222
2032 2922 2045 2950 ,
2065 2876 2187 2935 Botani·

655 3002 731 3066 que,
750 2977 810 3038 rol
831 2977 863 3053 1,
881 2998 912 3060 p.
933 2975 1007 3061 692,
1028 2997 1075 3037 an.
1102 2974 1214 3059 1783),
1234 2997 1293 3062 que
1312 2998 1347 3039 ee
1366 2999 1424 3062 que
1445 2979 1487 3040 leo
1507 2979 1675 3041 Jardiniers
1694 2979 1843 3065 appellent
1858 2980 1888 3043 le
1908 2981 2000 3041 blane
2021 2982 2059 3042 de
2075 2981 2186 3042 Cham-

655 3090 780 3169 pignon.
805 3083 883 3147 Uest
901 3082 1111 3167 effictivement
1128 3082 1167 3144 de
1187 3102 1220 3143 ce
1241 3082 1328 3144 blanc
1346 3105 1405 3171 que
1420 3085 1614 3169 pmvt'enneut
1639 3087 1682 3147 les
1704 3086 1932 3171 Chanrpignous.
1953 3086 2018 3147 J’ai
2036 3086 2185 3146 tres-sem

651 3194 858 3277 pulensement
876 3189 998 3251 obseres
1015 3190 1057 3250 les
1080 3190 1302 3274 &impigrum
1321 3189 1374 3250 des
1393 3193 1517 3252 couches
1538 3191 1607 3273 (Ag.
1626 3191 1818 3272 Campestris.
1839 3191 1941 3273 Linn.)
1962 3207 1992 3253 et
2001 3194 2066 3268 sai
2078 3213 2115 3251 vu
2128 3210 2187 3274 que

652 3298 811 3373 2211222,
841 3296 896 3381 qui
925 3297 998 3357 u'est
1017 3308 1103 3356 aaron
1133 3297 1221 3355 chose
1240 3316 1299 3378 que
1330 3296 1362 3356 lu
1380 3296 1575 3377 gemunden
1605 3295 1680 3356 etle
1708 3298 1838 3378 premier
1867 3295 2104 3378 development
2132 3295 2186 3355 des

650 3407 768 3486 grairses
788 3401 965 3487 renfisrmees
984 3400 1063 3463 dans
1084 3402 1126 3463 les
1146 3401 1256 3476 121222,
1277 3422 1308 3462 se
1328 3403 1467 3463 convertit
1486 3420 1524 3463 en
1543 3398 1597 3461 des
1604 3399 1692 3484 filets
1711 3399 1789 3461 dans
1809 3399 1935 3484 lesqraels
1960 3412 2028 3461 sont
2047 3412 2187 3461 comenses

653 3511 695 3569 les
720 3510 940 3594 champignons
961 3529 998 3571 en
1008 3509 1089 3593 petit.
1110 3509 1161 3570 Eu
1181 3505 1267 3589 effet,
1288 3529 1321 3569 ee
1334 3508 1421 3569 blanc
1442 3529 1499 3569 une
1509 3508 1577 3590 fhis
1596 3510 1726 3568 converti
1743 3506 1890 3590 enfilets,
1910 3527 1951 3567 on
1972 3508 2030 3567 voit
2042 3505 2081 3565 de
2095 3520 2187 3568 toules

649 3631 735 3702 parts
756 3615 877 3676 s'elever
895 3613 933 3674 de
944 3618 1054 3692 sumes
1078 3613 1311 3699 Cloantpiguons,
1326 3614 1348 3676 (1
1363 3615 1417 3698 qui
1436 3616 1473 3675 us
1493 3627 1606 3692 servent
1621 3633 1734 3675 comme
1751 3609 1787 3673 de
1807 3614 1956 3687 nowu‘ce,
1974 3615 2055 3674 ainsi
2066 3635 2125 3696 que
2145 3616 2186 3674 les

594 3760 596 3766 ν
652 3723 731 3782 lobes
751 3720 906 3782 seminales
926 3717 1004 3780 dans
1024 3719 1067 3779 les
1086 3718 1252 3794 Hmieots,
1272 3734 1323 3781 etc.

695 3827 760 3909 (31)
782 3827 967 3909 lpsissimam
987 3825 1067 3886 hane
1088 3825 1220 3887 formam
1243 3828 1409 3889 ostendunt
1429 3827 1557 3911 granula
1578 3805 1657 3909 quale
1677 3826 1794 3911 pileum
1811 3826 1935 3908 Aganei
1947 3824 2181 3909 lqeopesioidis
2309 3872 2312 3878 .

651 3933 727 3995 Bull.
750 3932 844 3993 denso
866 3931 1016 4014 obtegunt
1041 3940 1145 3992 stratu.
1166 3931 1222 3993 llla
1251 3944 1358 4014 tamen
1386 3933 1515 4018 granula
1534 3937 1660 3996 minime
1692 3955 1750 4018 pro
1783 3932 1909 4016 hujusce
1935 3932 2020 4014 fungi
2043 3930 2183 4014 sporidiis

651 4038 798 4109 habebis3
819 4036 960 4097 lamellae
988 4025 1074 4097 enim
1101 4038 1156 4121 Ag.
1177 4039 1418 4121 Lycoperdoidis
1451 4051 1482 4103 et
1503 4059 1588 4102 aseos
1609 4050 1641 4101 et
1673 4040 1824 4124 sporidia,
1844 4041 1889 4099 uti
1919 4047 1965 4099 est
1987 4037 2025 4100 de
2058 4036 2184 4119 reliquis

650 4147 798 4226 agaricis,
819 4144 1030 4228 praeseferunt
1040 4169 1050 4216 ;
1072 4144 1156 4227 quod
1178 4145 1302 4228 quidem
1323 4149 1560 4231 miemsoopieae
1587 4145 1815 4207 observationes
1843 4165 1861 4204 a
1888 4144 1978 4205 nobis
1999 4141 2114 4226 pluries
2135 4148 2182 4204 in·

652 4255 773 4310 stitutae
793 4253 826 4310 in
842 4250 1038 4311 lamellarum
1060 4249 1219 4325 frustulis,
1238 4272 1298 4314 neo
1317 4272 1381 4313 non
1401 4256 1433 4314 in
1453 4257 1521 4336 ipso
1542 4252 1729 4314 albidissimo
1761 4262 1793 4313 et
1814 4253 2021 4333 copiosissimo
2055 4248 2183 4332 pulvere

652 4356 691 4416 ab
713 4355 820 4416 iisdem
842 4355 969 4416 lamellis
991 4347 1140 4431 obtento}
1161 4367 1245 4419 extra
1267 4378 1390 4422 omnem
1423 4358 1622 4421 dubitationis
1643 4357 1742 4419 aleam
1773 4342 1950 4438 posuenmt
1972 4354 2057 4413 Haec
2078 4351 2181 4413 stellu-

652 4464 712 4523 lata
734 4461 883 4523 seminula
903 4470 986 4522 certe
1007 4461 1047 4521 ad
1066 4464 1254 4543 peculiarem
1274 4468 1428 4549 pertinent
1448 4463 1592 4547 Fungum
1613 4482 1650 4524 ex
1671 4462 1766 4523 classe
1795 4462 2047 4533 Goniomyeetum
2068 4457 2177 4518 Friesii

652 4571 683 4627 in
704 4567 785 4649 pileo
806 4568 895 4647 Agar.
927 4565 1183 4649 Lyeoperdoidis,
1204 4567 1397 4650 aliorumque
1417 4570 1521 4631 forsan
1552 4563 1732 4653 Fungorum
1754 4564 1979 4649 lungieolomm
2009 4566 2179 4645 parasitan-

653 4682 725 4731 tem.
747 4670 944 4748 Quinetiam
977 4669 1181 4754 Asteroplwra
1209 4670 1448 4755 Iffeoperdoides
1477 4675 1585 4736 Friesii
1617 4673 1738 4733 videtur
1758 4674 1823 4752 ipse
1856 4667 2181 4751 ng.1.yc0perdoides

653 4778 753 4858 junior
774 4774 902 4836 lamellis
923 4775 1024 4837 adhue
1045 4776 1214 4838 destitutus
1237 4776 1356 4837 Scimus
1370 4779 1452 4837 erum
1473 4782 1505 4838 in
1525 4779 1586 4840 hoc
1607 4779 1729 4860 agalien
1750 4772 1888 4838 lamellas
1905 4773 2004 4835 multo
2025 4782 2096 4856 post
2109 4771 2182 4855 pilei

651 4892 754 4942 ortum
776 4878 939 4955 efformari,
951 4902 1081 4962 qnamm
1096 4882 1230 4943 evolutio
1248 4883 1351 4944 forsan
1372 4883 1464 4942 etiam
1474 4882 1628 4943 interdum
1639 4904 1658 4942 a
1671 4881 1781 4965 Fungo
1801 4884 1986 4964 parentante
2005 4880 2178 4960 impeditur.

651 4987 690 5049 Et
710 5008 817 5048 revere
839 4990 986 5047 crassities
1008 4997 1126 5047 2222122
1148 4987 1367 5069 asterophorae
1388 4989 1420 5045 in
1442 4992 1495 5071 Ag.
1517 4988 1765 5071 Lycoperdoide,
1786 5007 1908 5070 semper
1924 4989 2041 5046 ratione
2063 4987 2183 5044 inversa

653 5116 721 5154 cum
744 5091 937 5154 lamellerum
969 5091 1144 5153 evolutione
1175 5090 1296 5152 insedit.
1319 5092 1422 5153 Genus
1450 5093 1520 5154 ideo
1542 5091 1746 5175 Asteroplsora
1764 5091 1913 5165 Dittmar‚
1945 5110 1981 5150 ex
2008 5091 2063 5171 lg.
2085 5089 2183 5178 Lyco·

652 5189 796 5282 perdoide
817 5198 962 5260 Bulliardi
985 5201 1072 5258 uniee
1096 5198 1335 5281 depromptum,
1357 5198 1543 5261 abolendum
1565 5219 1630 5260 esse
1652 5217 1771 5258 censeo.

694 5307 758 5388 (32)
779 5306 889 5368 Modus
912 5305 1164 5370 disseminationis
1189 5305 1396 5387 sporidiomm
1424 5306 1456 5365 in
1486 5303 1642 5385 plerisque
1661 5301 1841 5382 magorum
1873 5298 2032 5382 speciebus
2053 5319 2180 5381 prorsus

654 5415 794 5474 convenit
825 5432 895 5472 eum
926 5412 1087 5472 emissione
1120 5403 1318 5493 granulorum
1346 5412 1596 5493 spermatioorum
1622 5427 1658 5467 ex
1678 5403 1816 5466 utriculis
1842 5404 1983 5489 pollineis
2004 5405 2179 5488 plantarum

651 5515 945 5599 Phoenogamarum.
962 5515 1055 5596 Quod
1069 5526 1152 5579 oerte
1167 5515 1396 5597 quodammodo
1412 5513 1593 5598 comprobet
1612 5510 1726 5573 horum
1741 5532 1908 5596 corporum
1930 5511 2071 5594 analogia
2082 5524 2177 5594 atque
