5100 6900
388 637 536 741 Odor,
565 634 669 722 dum
697 662 839 722 mens
866 655 948 741 est,
978 637 1151 722 omnino
1181 633 1554 753 Tuberit'Borcbii.
1585 536 1865 748 Fungusmal}

330 775 547 892 gnitudine
576 773 694 859 nucis
721 771 939 857 avellanae.
968 770 1182 859 Peridium
1212 773 1358 877 molle,
1388 803 1591 879 crassum,
1621 773 1734 858 intus
1762 773 1864 858 athi-

330 915 451 1014 dum,
469 911 741 999 substantiam
760 908 993 995 cortiralem
1008 910 1156 1024 stipitis
1176 909 1228 999 V
1222 940 1340 1022 erpae
1352 908 1647 1027 dgitolfimmi
1666 906 1867 1028 quodam·

327 1050 457 1137 modo
485 1049 691 1148 reserens,
719 1077 742 1132 a
770 1078 890 1135 carne
918 1046 1108 1132 facillime
1136 1046 1338 1133 secedens.
1372 1049 1564 1134 Stratum
1583 1048 1867 1161 gelatinosum,

326 1189 487 1301 angiola
514 1185 683 1273 insimul
712 1185 1023 1297 conglutinant,
1052 1189 1372 1286 crassissimum,
1398 1184 1511 1271 unde
1540 1217 1634 1273 caro
1654 1192 1867 1292 (mantra)

327 1325 594 1430 mollissima,
623 1323 945 1441 subliquescnns
975 1323 1166 1411 Maturus
1198 1344 1240 1411 et
1258 1323 1326 1410 'vix
1353 1321 1554 1427 exfosurs,
1584 1322 1754 1437 passeris
1787 1342 1869 1409 oro

328 1482 468 1549 crusta
484 1484 622 1547 ‚eamn
652 1461 849 1547 aemmns.
1433 1486 1438 1495 ’
1497 1470 1501 1477 ’
1696 1469 1700 1475 ’
1787 1536 1790 1543 .

334 1638 338 1647 ·
389 1596 440 1680 In
470 1599 672 1715 quercetis
703 1594 1004 1711 transpadanis,
1033 1596 1114 1684 snb
1141 1596 1249 1685 loliis
1293 1595 1488 1713 dejectis,
1517 1596 1650 1681 humo
1679 1591 1867 1681 semiim·-

211 1744 215 1753 '
328 1764 509 1837 mersus,
538 1735 603 1819 bis
632 1736 847 1819 inventus:
878 1734 1023 1818 hieme.

340 1930 344 1939 ·
384 1868 571 1958 AFFIN.
600 1871 719 1957 Haec
746 1873 899 1986 speeies
927 1871 1157 1986 superficiei
1185 1875 1326 1963 colore
1354 1904 1451 1960 cnm
1481 1868 1758 1983 Hysterangio
1772 1865 1868 1951 cla·

330 2008 518 2107 throidn,
535 2011 669 2095 menis
697 2038 797 2092 vero
815 2009 1114 2097 motunomm
1135 2011 1410 2123 Hysterangio
1429 2007 1743 2094 membranaceo
1762 2018 1867 2118 quo-

329 2141 792 2247 dammodooonrenit,
819 2143 872 2226 ab
902 2166 1081 2261 utroque
1109 2146 1257 2260 peridii
1287 2168 1444 2250 natura,
1474 2142 1616 2245 odore,
1645 2136 1867 2248 vegetatio-

329 2283 395 2365 nis
425 2276 519 2365 loco
538 2300 593 2365 et
621 2301 810 2393 tempore
837 2277 1039 2365 distincta.

770 2576 822 2660 ll.
855 2572 1233 2663 OCTAVIANIA.
1264 2572 1422 2661 Vittad.

329 2850 409 2913 Tub.
444 2849 583 2932 speciest
606 2850 752 2933 Sprenpel
781 2860 850 2930 xyst
886 2863 974 2929 vegas.
998 2848 1126 2913 'lbbem
1159 2848 1358 2913 mannaan
1386 2843 1597 2909 testiorlorum
1616 2837 1742 2904 'formai
1762 2832 1889 2901 Meua'

366 2956 460 3039 pugil
481 2976 542 3017 rw.
563 2954 835 3038 Lycoperdoidesl
856 2955 983 3017 Mtcuett
998 2976 1064 3036 gera

387 3082 555 3168 CHAR.
584 3082 739 3168 Uterus
768 3078 1028 3182 rotundatas,
1058 3082 1217 3188 sessilis,
1245 3080 1414 3179 basivel
1427 3080 1551 3164 etiam
1570 3072 1864 3191 appendicibus

327 3216 570 3307 radicalibus
599 3220 844 3317 instructus,
873 3239 988 3305 extus
1008 3219 1148 3320 laevis,
1176 3224 1291 3307 intus
1310 3214 1754 3311 carnoso-cellarlosum
1784 3209 1865 3295 cel·
1971 3222 1975 3230 “

325 3352 432 3439 lulae
446 3353 687 3454 ¹substantia
708 3372 941 3463 compacta,
972 3351 1204 3441 demumin
1227 3354 1389 3467 pultem
1412 3349 1866 3459 brunnen-nigrescen-

325 3513 410 3578 tem
438 3486 734 3604 sporidiiferam
763 3488 993 3590 fatiscente,
1022 3492 1210 3603 repletae.
1242 3485 1433 3603 Sporidia
1463 3486 1601 3573 nuda?
1631 3486 1750 3572 varia.
1868 3535 1871 3544 2

383 3628 478 3713 obs.
509 3625 664 3713 Uterns
693 3626 931 3709 maturitate
960 3626 1239 3714 mollissimus.
1269 3625 1484 3711 Paridium
1517 3624 1751 3727 subtenue,
1780 3620 1868 3704 fra-

325 3766 429 3877 gile,
457 3764 568 3854 lente
602 3764 865 3875 inspectum,
895 3768 1174 3876 spongiosum.
1207 3768 1317 3862 Caro
1355 3798 1380 3850 e
1410 3761 1687 3879 sporidiorum
1726 3757 1867 3844 colore

322 3903 538 4012 subnigra;
567 3898 807 3986 cellularum
836 3931 935 3986 vero
964 3905 1136 4014 parietes
1175 3901 1361 4005 albidae,
1391 3901 1683 3999 flavescentes,
1722 3894 1866 3982 ferru-

322 4043 461 4147 gineae
480 4058 523 4120 et
551 4038 608 4119 sie
625 4065 761 4146 porro.
783 4034 969 4118 Cellulae
989 4034 1178 4148 sporidiis
1203 4033 1490 4121 secedentibus
1510 4033 1723 4119 subcavae.
1743 4033 1865 4144 Spo-

325 4171 448 4274 ridia,
474 4170 529 4251 ab
558 4171 657 4253 ascis
686 4171 751 4253 uti
777 4167 943 4254 videtur
984 4169 1334 4288 liquescentibus,
1363 4166 1485 4257 nuda.
1522 4169 1659 4253 Totus
1688 4169 1725 4252 F
1728 4196 1866 4277 uagus

331 4301 474 4394 sectus
491 4304 657 4390 dulcem
685 4305 932 4422 plerumque
962 4330 1005 4393 et
1032 4307 1253 4423 limpidum
1283 4306 1422 4392 fundit
1451 4307 1695 4390 humorem„
1810 4317 1815 4328 “

382 4444 528 4530 HIST.
553 4441 699 4529 Genus
718 4473 767 4526 ex
786 4444 985 4554 hymenio
1004 4446 1227 4546 fatiscente,
1247 4445 1438 4558 pultaoeo
1460 4441 1621 4528 Clatbri
1653 4464 1696 4526 et
1716 4440 1866 4539 Phalli,
1982 4429 1991 4448 ⁶

323 4579 972 4697 praecedentiproximnm311ec
1002 4588 1139 4671 minor
1167 4615 1264 4670 cum
1293 4583 1483 4700 sequenti
1522 4577 1698 4665 affinitas
1728 4609 1778 4662 ex
1808 4579 1865 4662 si·

325 4717 413 4802 mili
442 4735 638 4800 contextu
665 4738 708 4800 et
726 4721 992 4825 vegetationis
1021 4722 1162 4806 modo.
1192 4723 1227 4803 F
1230 4723 1330 4826 ungi
1349 4718 1474 4801 medii
1503 4720 1571 4799 vix
1593 4716 1865 4818 subterranei,

327 4853 634 4956 decolorantes,
663 4850 961 4955 odorosissimi,
990 4854 1137 4938 habitu
1164 4853 1333 4967 proprio
1363 4849 1569 4955 distincti,
1598 4850 1867 4936 exsiccatione

333 5017 593 5104 summopere
622 4989 892 5102 persistentes.

391 5127 535 5216 Genus
565 5125 648 5211 dixi
675 5128 720 5209 in
749 5127 951 5211 honorem
982 5127 1089 5213 Clar.
1113 5126 1307 5213 Doctoris
1336 5125 1547 5211 Vincentii
1570 5125 1792 5223 Ottavtirm‘,
1821 5123 1866 5207 in

334 5263 608 5351 Universitate
628 5263 910 5350 camerinensi
939 5266 1037 5351 Mat.
1069 5263 1179 5351 Med
1201 5286 1244 5348 et
1272 5264 1488 5356 Botanices
1508 5261 1762 5377 professoris,
1791 5260 1865 5377 qui

342 5403 586 5514 Fungornm
618 5403 845 5490 naturalem
889 5404 1102 5491 historiam
1142 5402 1496 5492 observationibus
1524 5399 1865 5513 diligentissimis,
