5100 6900
670 556 819 750 ibloris
859 656 1308 774 nigrocoemleecentis
1346 659 1526 746 vestitus
1567 656 1678 745 Cam
1718 659 1855 774 primo
1893 658 2053 768 albida,
2080 689 2196 749 com·

671 796 944 914 pactiuscula,
971 792 1170 901 inodora,
1198 796 1313 881 venis
1341 804 1487 911 parum
1525 795 1780 901 visibilibus,
1809 794 1979 882 demum
2007 800 2197 884 cinereo-

543 982 552 991 ·
670 933 954 1038 luscescentis,
982 931 1168 1043 subnigri
1209 932 1385 1037 coloris,
1424 932 1585 1037 mollis,
1624 933 1821 1049 pulposa,
1861 931 2056 1039 odorosa,
2081 936 2200 1021 venis

669 1068 815 1189 albidis
844 1066 1026 1185 perbelle
1054 1069 1264 1181 variegata.
1295 1064 1484 1187 Sporidia
1510 1071 1684 1173 minuta,
1708 1068 1779 1154 r·5
1806 1070 1852 1154 in
1881 1090 1946 1156 tot
1974 1071 2199 1184 sputamiis

670 1188 901 1293 rotundatis
927 1204 1096 1290 inclusa.

727 1344 796 1435 Ab
825 1342 938 1429 Italis
973 1340 1147 1453 Tortust)
1175 1370 1269 1426 nero
1298 1339 1344 1425 di
1367 1339 1527 1427 Noreia
1563 1338 1741 1443 dicitur,
1763 1339 1934 1426 abunde
1973 1343 2086 1427 enim
2114 1344 2201 1427 cre·

669 1482 764 1587 scit,
792 1477 975 1565 Michelii
1004 1480 1216 1582 sententia,
1243 1477 1288 1562 in
1316 1479 1529 1565 montibus
1558 1480 1746 1566 numinis
1775 1478 1916 1590 Vulgo
1945 1478 2198 1593 scaturigo,

671 1647 827 1703 nomen
855 1647 879 1700 a
907 1608 1068 1729 stipulis
1097 1612 1339 1700 derivatum
1982 1704 1985 1719 1

727 1751 817 1839 Sub
835 1751 1025 1836 autumni
1051 1748 1180 1835 finem
1199 1772 1470 1837 maturescere
1498 1751 1664 1865 incipit,
1693 1770 1737 1836 et
1764 1780 1838 1866 per
1865 1768 1998 1836 totam
2018 1749 2199 1835 hiemem

668 1888 713 1972 in
740 1885 884 2000 plateis
909 1883 1258 1971 abundantissime
1277 1888 1456 1973 occurrit
1482 1916 1680 1974 unacum
1708 1886 1877 1973 Tubere
1896 1886 2198 2000 melanosporo.
2316 1912 2320 1918 ·

671 2020 860 2112 Solitarie
890 2022 1033 2105 crescit
1061 2022 1105 2105 in
1133 2021 1234 2106 locis
1262 2024 1410 2134 apertis
1428 2050 1474 2106 ac
1502 2023 1705 2133 sylvaticis
1725 2022 1940 2135 planitiei,
1970 2021 2140 2107 collium
2160 2040 2211 2102 et·

668 2159 877 2242 montium
908 2152 1283 2270 transpadanorum.
1312 2155 1379 2241 Ex
1407 2155 1604 2243 Comensi
1631 2158 1840 2271 provincia
1875 2157 2094 2271 specimina
2122 2153 2204 2241 mi-

520 2410 523 2415 Ι
671 2294 725 2379 sit
752 2290 905 2376 amicus
924 2290 1123 2389 Zombru3
1153 2290 1537 2377 communissirnum
1557 2322 1724 2409 quoque
1753 2290 1838 2379 vidi
1859 2296 1905 2378 in
1933 2294 2059 2405 sylvis
2079 2290 2202 2410 quer·

649 2426 773 2516 'cinis
802 2429 886 2539 agri
913 2424 1228 2512 mediolanensis
1257 2454 1372 2512 secus
1399 2427 1557 2511 flumen
1585 2424 1762 2515 Lauabro
1791 2458 1921 2543 prope
1949 2422 2164 2540 Bolgiano.

730 2564 826 2650 obs.
862 2563 893 2647 l.
929 2563 1042 2647 luter
1080 2563 1248 2647 Tubera
1283 2562 1485 2648 'inferioris
1523 2560 1645 2647 notae
1683 2562 1945 2669 habendum.¹
1978 2562 2200 2677 Caupones

670 2724 808 2786 tamen
836 2728 932 2813 prae
971 2701 1113 2785 ceteris
1142 2700 1319 2807 seligunt
1348 2698 1405 2781 ob
1433 2726 1598 2781 carnem
1645 2698 1939 2808 elegantissime
1976 2700 2129 2814 pictam
2157 2730 2206 2784 ac

669 2836 785 2923 facile
812 2836 858 2918 in
885 2830 1151 2918 subtilissima
1192 2825 1367 2919 frustula
1406 2829 1695 2946 redigendam
1724 2835 1876 2920 minori
1916 2837 2038 2922 etiam
2068 2839 2203 2949 pretio

677 2972 838 3059 emitur.
1079 3000 1084 3009 ·
1327 3032 1329 3037 »

730 3100 915 3191 AFFlN.
947 3100 1303 3189 Tuber'bmmale
1331 3132 1428 3190 eum
1446 3109 1599 3193 aestivo
1628 3127 1792 3192 externa
1819 3104 1918 3193 facie
1938 3136 2202 3223 summopere

671 3245 887 3342 couvenit3
916 3243 1005 3354 ejus
1034 3261 1172 3325 umen
1199 3270 1391 3327 verrucae
1418 3243 1598 3327 minores
1627 3241 1954 3347 obtusiusculae3
1984 3241 2200 3355 distingui·

673 3403 742 3468 tur
770 3379 893 3464 etiam
921 3402 1040 3460 came
1069 3373 1317 3480 obscuriori,
1346 3378 1616 3487 nigrescente,
1644 3376 1758 3462 venis
1787 3377 1878 3462 latis
1905 3406 2053 3491 parum
2074 3378 2200 3463 inter·

673 3517 804 3631 ruptis
832 3541 1043 3627 percursa,
1072 3509 1225 3613 odore,
1265 3541 1425 3625 sapore,
1454 3532 1530 3598 etc
1560 3512 1669 3597 Sunt
1708 3514 1781 3628 qui
1807 3542 1885 3625 pro
1915 3510 2084 3597 Tubere
2113 3544 2204 3598 me·

671 3652 891 3762 lanosporo
920 3650 1043 3734 etiam
1072 3666 1265 3752 sumunt,
1294 3645 1410 3764 quod
1439 3669 1575 3733 tamen
1604 3678 1731 3733 venae
1760 3646 1972 3734 filiformes
2001 3678 2199 3734 numero·

673 3817 756 3887 sae,
784 3814 878 3870 caro
907 3784 1316 3893 terroso-uariegata,
1335 3782 1470 3886 color,
1497 3814 1637 3899 sapor,
1665 3805 1741 3871 etc
1770 3816 1794 3869 a
1823 3784 1991 3869 Tubere
2019 3781 2203 3869 brumali

673 3923 943 4032 distinguunt.

732 4060 827 4144 Obs.
859 4056 912 4139 ll.
942 4052 1087 4138 Tuber
1113 4050 1301 4138 brumale
1330 4052 1425 4164 gelu
1453 4075 1669 4169 correpto,
1697 4055 1802 4140 dum
1829 4055 1954 4142 calori
1982 4055 2200 4171 exponitur

672 4223 799 4314 aquae
826 4194 986 4306 copiam
1014 4187 1188 4275 dimittit
1215 4220 1261 4276 ac
1299 4190 1522 4294 flaccescit,
1550 4193 1721 4310 ejusque
1760 4223 1855 4278 caro
1884 4215 1984 4279 tunc
2015 4191 2197 4276 colorem

672 4327 906 4417 tabacinum
934 4327 1111 4413 Tuberis
1140 4329 1281 4414 aestivi
1309 4329 1488 4413 assumit
1512 4324 1755 4413 Cavendum
1784 4325 1879 4412 ideo
1908 4357 1960 4410 ne
1988 4356 2085 4413 cum
2113 4329 2204 4443 ipso

672 4470 715 4553 in
745 4468 825 4553 hoc
852 4486 960 4554 statu
988 4462 1291 4570 confundatur,
1311 4463 1379 4549 vel
1406 4494 1483 4578 pro
1512 4494 1619 4551 nova
1649 4463 1846 4550 habeatur
1873 4466 2016 4579 specie

1250 4744 1523 4832 Spectas
1571 4743 1624 4830 V.

729 5015 829 5100 Tua.
859 5041 1066 5100 msrrvuu.
1096 5009 1205 5096 Nob.
1235 5056 1296 5074 -
1324 5008 1429 5095 Tab.
1459 5011 1526 5117 ΙΙ,
1554 4997 1622 5122 fig.
1654 5009 1727 5095 IV.

728 5143 1217 5249 Rotundum-difforme,
1261 5146 1567 5261 majusculum,
1596 5141 1820 5230 tuberculis
1847 5143 2195 5257 pyramidalibus,

674 5288 921 5398 majoribus,
957 5281 1165 5401 polyedris
1181 5306 1500 5397 exasperatum,
1538 5279 1942 5392 nigro-brunneum3
1980 5281 2096 5369 fovea
2126 5287 2199 5370 ba·

676 5423 804 5527 silari,
832 5423 1077 5540 punctisque
1106 5423 1149 5507 in
1179 5417 1392 5535 superficie
1419 5417 1736 5524 absorbentibus
1776 5419 2036 5508 instructum.
2065 5421 2199 5510 Plicae
