5100 6900
1188 612 1689 698 SrncrnleV.

740 882 888 968 Extra.
918 911 1197 968 mucoclnms.
1226 882 1338 972 Nob.
1441 930 1444 933 v

679 1028 882 1114 Lycoperdon
902 1030 1078 1093 cervinum?
1098 1031 1181 1095 Sota.
1203 1031 1291 1113 Engt
1310 1032 1491 1114 ergstab.
1514 1030 1585 1119 ²⁶9

737 1145 1185 1259 Globoso-diffor'mis3
1217 1158 1422 1272 peridium
1451 1189 1653 1263 crassum,
1696 1160 1864 1244 niveum
1892 1161 2042 1248 cortice
2074 1162 2204 1281 papil-

677 1291 1029 1397 loso-verrucoso,
1057 1293 1407 1407 fulvo-expallidu
1438 1292 1625 1407 Sporidia
1654 1295 1889 1405 nigro-rufa.

736 1428 856 1512 Odor
884 1428 1031 1512 debilis
1060 1429 1236 1514 Tuberis
1263 1430 1436 1513 Borchii.
1457 1430 1493 1512 F
1494 1461 1627 1540 nngus
1656 1427 1937 1539 magnitudine
1957 1437 2073 1516 nucis
2092 1432 2200 1517 avel-

678 1562 815 1668 lanae,
842 1561 1055 1674 ,juglandis
1085 1564 1239 1652 Uterus
1281 1565 1491 1651 interdum
1530 1566 1701 1650 foveolis
1741 1588 1952 1651 excavatus
1988 1570 2054 1652 vel
2090 1569 2203 1653 lacu·

678 1718 997 1804 noso-costatus,
1026 1721 1159 1784 crusta
1193 1702 1545 1787 terroso-floccosa
1573 1698 1720 1783 subtus
1758 1702 2120 1810 nigro-maculata,
2150 1733 2197 1788 ac

678 1834 792 1918 facile
821 1830 1032 1919 secedente
1071 1835 1288 1921 obductus.
1319 1834 1529 1920 Peridium
1568 1855 1851 1947 compactum,
1896 1836 2200 1940 humerosum,

679 1969 878 2071 similare,
906 1968 1186 2070 immutabile,
1214 1971 1383 2079 pulpam
1411 1966 1567 2049 fruetus
1604 1967 1767 2076 Mespili
1808 1970 2056 2072 germanicae
2084 1998 2203 2080 pror-

679 2134 746 2188 sus
775 2102 977 2203 referens,
1011 2104 1055 2183 in
1084 2102 1281 2185 exsiccato
1311 2098 1680 2184 albido·lutesoens.
1712 2098 1866 2183 Cortex
1895 2102 2205 2207 crassiusculus,

681 2241 857 2323 verrucis
886 2233 1370 2348 papilloso·diff0rmibus
1396 2255 1537 2320 centro
1567 2232 1773 2335 larinosis,
1803 2232 2201 2347 albido·punctatus,

677 2374 788 2457 lente
803 2376 1026 2483 inspectus,
1042 2368 1195 2482 pileolo
1214 2398 1437 2454 verrucoso
1454 2369 1571 2477 Agar.
1586 2371 1716 2482 asperi
1735 2368 1775 2449 e't
1795 2369 2046 2454 rubescentis
2065 2403 2204 2456 aernu-

677 2507 768 2610 lus,
797 2510 931 2620 primo
960 2504 1116 2606 fulvus,
1146 2504 1315 2590 demum
1345 2508 1574 2615 nigrescens
1602 2533 1861 2589 verrucarum
1889 2506 2071 2615 apicibus
2101 2509 2200 2592 sub-

678 2644 913 2725 immutatis.
947 2641 1100 2725 Cortex
1139 2663 1181 2724 et
1221 2670 1411 2723 verrucae
1439 2658 1597 2738 sectae,
1634 2640 1756 2718 etiam
1784 2640 1828 2717 in
1857 2638 2049 2739 exoletis,
2087 2642 2198 2724 intus

681 2804 851 2858 amoene
880 2774 1139 2855 aurantiacae.
1171 2772 1295 2882 Septa
1322 2800 1465 2882 parum
1495 2769 1677 2853 visibilia.
1707 2770 1742 2853 F
1744 2769 1847 2855 locci
1871 2791 2015 2856 tenues
2044 2772 2203 2858 albido·

680 2910 839 2995 ciuerei.
871 2904 1106 2992 Substantia
1135 2901 1388 3018 sporidiifera
1415 2907 1563 2992 coloris
1594 2905 1759 2992 Coffeae
1790 2908 1993 2992 subustae.
2015 2908 2201 3022 Sporidia

685 3045 763 3133 illis
791 3043 940 3156 Elaph.
970 3041 1144 3154 asperuli
1171 3042 1307 3125 multo
1334 3042 1503 3124 minora.

736 3177 1137 3264 Abundantissime
1125 3210 1168 3261 1n
1197 3178 1347 3289 pinetis
1376 3205 1504 3287 prope
1533 3172 1735 3259 Uboldo
1724 3208 1767 3258 1n
1796 3204 1891 3284 agro
1919 3178 2198 3261 mediolanen-

676 3319 737 3419 si,
766 3319 887 3399 etiam
916 3315 960 3396 in
989 3313 1226 3398 nemoribus
1254 3310 1361 3398 delta
1389 3307 1580 3399 Merum
1603 3339 1732 3425 prope
1765 3308 2021 3490 Gangnam
2029 3333 2091 3397 ast
2119 3315 2205 3396 mi-

684 3482 761 3534 nus
790 3448 1004 3565 frequens:
1034 3478 1138 3531 vare.

732 3583 915 3669 AFFIN.
945 3582 1091 3695 Elaph.
1122 3581 1309 3695 asperulo
1353 3602 1515 3666 externa
1543 3582 1641 3667 facie
1682 3585 1833 3668 similia
1861 3581 2012 3668 Differt
2053 3525 2201 3737 peridii

682 3720 817 3805 colore
847 3740 889 3802 et
917 3739 1083 3818 natura,
1113 3716 1261 3819 odore,
1292 3746 1367 3801 uec
1396 3747 1482 3799 uon
1507 3716 1785 3830 sporidiorum
1814 3718 1951 3802 colore
1974 3738 2016 3800 et
2045 3719 2202 3825 magni·
2269 3707 2272 3711 ¹

682 3853 835 3940 tudine.
868 3853 935 3936 Ab
964 3853 1112 3966 Elaph.
1143 3852 1355 3963 granulato
1384 3853 1419 3935 F
1421 3854 1554 3952 riesii,
1583 3882 1764 3968 quocum
1792 3854 1941 3937 cortice
1970 3855 2085 3966 quasi
2114 3881 2201 3960 gra·

676 3990 818 4075 nulato
847 4020 892 4074 ac
920 3988 1065 4102 peridii
1084 3989 1221 4073 colore
1238 3990 1452 4089 convenit,
1471 3990 1593 4070 etiam
1616 3984 1851 4085 distinctus,
1870 4015 2059 4071 verrucae
2089 3993 2200 4071 enim

676 4124 902 4238 superficiei
929 4155 1005 4209 uec
1024 4123 1265 4210 rotundatas
1293 4135 1369 4207 ne'c
1396 4122 1604 4207 intensius·
1621 4121 1840 4224 coloratae,
1869 4149 1946 4204 nec
1974 4120 2199 4230 apioeper'-

676 4282 800 4345 tusae.
831 4258 950 4344 Odor
979 4264 1100 4345 etiam
1130 4280 1284 4371 gratus,
1314 4279 1356 4341 et
1384 4253 1560 4370 sporidia
1596 4256 1820 4365 nigro-rufa
1850 4261 1924 4338 nec
1960 4263 2056 4336 atra
2089 4252 2203 4336 Huic

676 4395 802 4503 magis
831 4392 983 4479 accedit
997 4392 1272 4509 Lycoperdon
1301 4393 1510 4476 cervinum
1530 4390 1713 4475 Sovverb.
1734 4390 1759 4475 l.
1776 4419 1828 4492 c,
1857 4391 1973 4500 cujus
2002 4384 2205 4500 peridium

681 4557 810 4643 aeque
836 4528 1045 4636 albidum,
1074 4550 1213 4615 cortex
1250 4555 1373 4627 vero,
1414 4527 1489 4610 etsi
1529 4528 1706 4610 verrucis
1743 4522 1980 4608 rotundatis
2010 4551 2085 4606 nec
2118 4552 2199 4606 an·

676 4664 825 4773 gulosis
841 4666 1037 4773 obsitus,
1067 4668 1191 4778 magis
1219 4692 1316 4750 cum
1344 4659 1416 4747 illo
1444 4658 1737 4772 Elaphomycis
1766 4659 1955 4769 variegati
1982 4657 2188 4742 convenit
