5100 6900
349 608 558 726 'principio
595 604 753 708 albida,
792 604 960 693 demum
999 633 1024 691 e
1064 602 1340 721 spotidiorum
1379 598 1516 689 colore
1559 502 1868 692 olivacco-vuill

358 745 570 851 Cellulae,
598 742 713 832 nudo
742 742 863 830 oculo
892 741 1091 844 visibiles,
1119 742 1389 858 majusculae,
1418 760 1635 829 excavatae.

415 881 465 967 ln
493 882 618 996 sylvis
646 881 847 998 quercinis
875 876 1160 994 transpadanis.
1191 877 1332 993 Aprili.
1362 877 1501 966 Rarus.

810 1225 880 1311 tv.
911 1157 1430 1312 caementatam.

418 1560 585 1651 CHAR
615 1561 932 1676 Receptecnlnm
951 1558 1238 1665 rotundatum,
1252 1543 1533 1664 immiscens,
1552 1576 1667 1642 extus
1686 1557 1880 1676 intusque

361 1698 805 1813 cellulum-porosum,
830 1697 1183 1803 subalveolatum,
1211 1699 1299 1784 basi
1327 1694 1561 1782 radicatum.
1592 1694 1777 1781 Cellulae
1804 1694 1883 1808 hy·

360 1837 503 1934 monio
531 1838 722 1940 vestitae,
762 1834 1046 1950 spotidiiferee.
1071 1834 1264 1950 Spotidia
1299 1832 1692 1934 ovat00fusiformia,
1721 1834 1883 1918 suiato·

361 1970 537 2072 sulcata,
564 1992 634 2055 not
658 1971 788 2056 veluti
814 1970 1045 2084 epovidiolis
1073 1970 1237 2087 repleta

424 2106 521 2192 obs.
552 2103 830 2190 Ftuctificatio
859 2125 1023 2190 externa
1057 2123 1100 2189 et
1127 2107 1285 2191 interna
1315 2136 1409 2193 vere
1444 2105 1677 2215 hymenius.
1707 2104 1885 2190 Habitus

366 2239 533 2327 adultus
573 2242 745 2325 omnino
796 2239 1149 2342 moschellamm,
1201 2270 1375 2357 quarum
1426 2239 1605 2326 alveolos
1646 2241 1689 2322 in
1734 2268 1885 2356 super·

364 2375 455 2464 licie
495 2406 660 2491 prorsus
701 2375 832 2459 refert
863 2373 1182 2488 Receptacnlum
1222 2374 1383 2475 aceolo,
1423 2394 1617 2459 truncum
1657 2396 1795 2460 tamen
1825 2406 1887 2462 ra·

364 2511 621 2598 diciformctn
640 2576 645 2585 .
661 2540 830 2624 gerens,
872 2541 1055 2630 quocum
1096 2510 1226 2599 humo
1262 2511 1464 2616 nectitur,
1505 2506 1616 2625 apice
1644 2510 1890 2629 plerumque
2067 2526 2080 2539 ’

365 2677 543 2733 emerso.

424 2783 570 2869 HIST.
601 2783 747 2870 Genua
775 2782 996 2895 singulare,
1024 2781 1343 2894 Mycologorum
1370 2784 1600 2867 attentione
1628 2813 1892 2900 summopere

368 2914 550 3029 dignum.
581 2920 693 3004 Serie
722 2922 831 3005 enim
852 2950 937 3003 non
960 2919 1188 3031 interrupta
1216 2916 1592 3029 Hymenomycetes
1621 2917 1891 3033 Gusteromy·

368 3053 526 3140 cetibus
554 3058 698 3168 jungit.
730 3055 780 3139 ln
820 3052 1033 3169 superficie
1073 3053 1316 3164 hymenium
1345 3075 1532 3167 apettum
1559 3054 1785 3168 proferens,
1827 3079 1891 3144 est

368 3217 495 3298 genus
523 3220 618 3276 vene
646 3191 1102 3298 hymeninoutarinum
1121 3198 1173 3297 (e.
1194 3219 1229 3300 g.
1249 3191 1500 3306 Polyporus,
1528 3190 1767 3297 Morcltella,
1779 3205 1896 3304 etc),

368 3325 479 3407 intus
507 3352 605 3409 vero
635 3323 801 3408 oellulus
829 3322 1013 3439 undique
1053 3324 1205 3408 clauses
1234 3353 1401 3433 gerens,
1429 3325 1627 3436 hymeuio
1666 3326 1894 3438 obductas,

369 3480 433 3544 est
458 3488 589 3569 genus
615 3458 1084 3570 uterino-hymeniuum.

425 3595 499 3681 AF
501 3596 535 3680 F
539 3594 609 3681 IN.
628 3594 705 3680 ⁴Ex
719 3596 926 3710 ¹expt‘ttitis
953 3615 1069 3710 patet
1092 3594 1312 3711 multiplex
1340 3599 1437 3681 cnm
1480 3598 1645 3716 reliquis
1673 3602 1893 3713 generibus
1939 3697 1942 3704 ,

54 3799 55 3860 p
217 3787 232 3800 -
370 3731 549 3841 analogia
578 3753 701 3847 atque
730 3731 914 3816 allinitas.
944 3731 1142 3843 Analogia
1170 3761 1266 3816 cnm
1294 3730 1513 3845 Polyporis
1533 3755 1656 3849 atque
1684 3736 1893 3823 Morchel·
2053 3823 2059 3832 ,

372 3869 420 3953 lis
449 3863 588 3983 quoad
615 3865 970 3952 fructificationem
1009 3869 1092 3980 jam
1120 3864 1305 3951 indicata.
1336 3867 1605 3975 Vegetatione
1639 3898 1737 3954 vero
1770 3872 1894 3958 simul

371 4023 414 4086 et
442 4001 753 4087 fructificatione
781 4034 881 4087 cum
906 4003 1244 4115 Hymenogastte.
1274 4001 1343 4086 Sic
1372 4000 1698 4116 teproductionis
1738 4009 1800 4092 vis
1840 4006 1894 4092 ad

372 4139 584 4250 pvo'ptium
613 4139 777 4226 culmen
805 4162 968 4262 evecta,
996 4143 1082 4226 vim
1121 4157 1379 4248 vegetantem
1418 4138 1680 4247 subordinat,
1708 4163 1750 4227 et
1778 4142 1814 4227 F
1816 4174 1895 4228 un·

372 4302 446 4381 gos
475 4301 568 4356 vere
596 4276 804 4379 uterinus,
833 4277 1263 4388 hymeninonterinus
1292 4275 1437 4363 evadit

289 4495 293 4511 ,
376 4464 384 4470 -
430 4406 576 4493 Genus
605 4407 843 4496 Clarissimo
879 4412 1001 4497 Doct
1032 4432 1074 4499 et
1101 4412 1211 4530 Equ.
1239 4414 1424 4528 Josepho
1446 4413 1641 4516 Genucii,
1670 4416 1759 4502 vito
1777 4447 1894 4531 prae·

373 4544 633 4644 stantistinio,
663 4544 799 4664 doque
823 4549 1012 4636 universa
1039 4548 1207 4637 historia
1236 4551 1412 4641 naturali
1439 4556 1595 4670 optime
1621 4555 1786 4653 merito,
1808 4550 1897 4641 fau·

374 4679 454 4763 toti
481 4677 777 4768 humanissimo
804 4682 999 4770 dicatum.
1063 4753 1065 4756 -
