5100 6900
643 495 684 557 88

683 609 748 694 (38)
769 610 926 674 individua
946 610 1147 693 nubre-picta,
1167 605 1395 670 deliciosissima
1413 627 1488 692 prae
1509 609 1618 671 ceteris
1636 606 1846 692 perhibentur.
1864 607 1995 675 iiuhedo
2009 612 2086 678 haec
2106 636 2169 680 non

641 738 658 777 a
680 715 886 801 speridicrum
907 717 1027 792 colore,
1048 714 1102 776 sed
1123 735 1142 775 a
1162 712 1246 777 textu
1266 714 1559 789 celluloso-fibmsc,
1580 715 1723 798 morulas
1744 716 1899 778 ambiente
1919 721 2041 802 pendet.

683 822 749 910 (39)
770 824 947 887 Generatim
968 820 1104 898 Tubera,
1117 842 1197 905 quae
1217 823 1250 885 in
1270 822 1345 886 locis
1366 821 1454 885 cultis
1474 820 1610 907 planitiei
1629 820 1756 884 coliium
1777 832 1829 884 aut
1844 828 1997 887 mentium
2016 839 2168 912 vegetant,

640 929 738 992 hume
758 925 910 1012 prounde
930 924 1046 999 latent;
1067 947 1147 1008 quae
1167 937 1275 989 centra
1295 929 1328 989 in
1347 924 1439 1003 sylvis
1460 937 1492 989 et
1512 927 1586 989 iocis
1606 930 1639 989 in
1670 949 1781 1011 genere
1801 928 1922 992 incultis
1943 945 2102 1011 cresum,
2123 939 2172 997 vix

640 1036 739 1099 hasmo
758 1030 936 1110 inhaerent,
955 1033 1100 1095 foliosum
1120 1043 1241 1096 tantm
1260 1034 1440 1094 rammentis
1458 1030 1663 1116 utpltuimum
1684 1032 1824 1097 obducta

517 1130 547 1146 ⁵
682 1137 748 1221 (do)
768 1137 878 1202 Paulet
896 1136 917 1201 l.
939 1161 964 1201 c.
986 1138 1047 1202 hoc
1067 1138 1175 1201 Tuber
1194 1136 1235 1198 ad
1255 1136 1388 1200 Tuben-is
1408 1135 1586 1219 Magusum
1615 1145 1728 1200 stutum
1759 1142 1959 1203 immaturum
1979 1141 2100 1219 rectit,
2127 1154 2173 1207 ast

641 1243 829 1321 inconsulte,
850 1243 959 1308 Tuber
978 1247 1059 1309 enim
1078 1241 1200 1305 Bcrchii
1222 1252 1397 1306 senescente
1417 1241 1520 1306 hieme
1546 1244 1742 1320 memoesdt,
1762 1244 1870 1309 Tuber
1898 1266 1973 1311 rerc
1994 1249 2172 1332 Magnetum

642 1360 801 1412 auttamno.
1886 1390 1889 1395 »

682 1457 875 1521 Parmentier
894 1454 1044 1538 (Balleuis
1063 1452 1103 1515 de
1122 1453 1300 1517 pammac
1319 1473 1347 1515 v.
1369 1454 1400 1531 1,
1419 1475 1488 1541 pag.
1510 1453 1595 1538 551)
1616 1454 1724 1519 Tuber
1743 1456 1865 1520 Bomhii
1885 1479 1944 1543 pro
1960 1459 2092 1524 urbem
2106 1462 2170 1524 hia·

642 1575 768 1646 gnatum
788 1561 935 1623 varietate
954 1559 1072 1621 habuit
1092 1559 1231 1623 Perscon
1257 1580 1331 1621 vero
1364 1559 1460 1642 (Syn.
1488 1582 1518 1644 p.
1545 1557 1624 1643 128)
1646 1564 1778 1646 speeiem
1799 1563 1879 1626 hane
1900 1565 1940 1628 ad
1961 1565 2042 1628 Tun.
2064 1566 2170 1629 aihum

642 1668 743 1743 nun,
761 1675 870 1750 utpote
890 1666 1090 1741 varietatem,
1111 1664 1253 1728 dubitans
1274 1665 1425 1750 allegavit
2118 1713 2120 1716 ψ

682 1770 868 1854 (41)Fungi
895 1769 1042 1854 eperidii
1064 1770 1260 1834 crassitudine
1283 1782 1315 1833 et
1342 1770 1453 1837 duritie
1482 1773 1677 1856 cartilaginea
1708 1774 1933 1839 distinctissimi.
1956 1777 2075 1861 Vulgus
2103 1783 2169 1860 ipse

642 1899 660 1936 a
681 1875 805 1957 reliquis
826 1874 1002 1937 Tuberibus
1022 1874 1083 1937 hec
1103 1874 1278 1940 charactere
1300 1881 1438 1963 sejtmgit
1459 1878 1605 1943 Ceterum
1626 1883 1782 1958 minores,
1803 1880 1911 1942 habitu
1931 1885 2059 1963 proprio
2080 1903 2170 1964 prae·

642 1987 705 2046 diti.
727 1982 780 2044 ob
800 1983 949 2065 insignem
970 1982 1113 2044 duritiem
1133 2002 1191 2064 per
1212 2003 1333 2043 menses
1354 1986 1506 2043 immutati
1526 1987 1692 2065 persistimt
1703 2027 1712 2058 ,
1734 1986 1932 2044 exsiccatione
1960 2005 2018 2045 nec
2038 1985 2169 2046 formam

639 2110 697 2152 nec
717 2087 861 2149 volumen
881 2089 1041 2170 proprium
1069 2088 1232 2160 amittunt;
1254 2087 1445 2148 Insecterum
1466 2085 1556 2147 larvis
1584 2089 1676 2147 etiam
1704 2084 1866 2150 difficulter
1886 2091 1992 2171 pervii.
2013 2088 2080 2149 Una
2102 2111 2171 2150 cum

642 2199 720 2257 veris
742 2191 916 2255 Tuberibus
938 2194 969 2252 in
990 2192 1116 2254 diversis
1138 2194 1209 2253 anni
1231 2192 1463 2276 tempestatibus
1484 2190 1693 2267 effediimtur,
1714 2194 1746 2252 in
1767 2193 1835 2254 foro
1857 2193 2100 2276 frequentissime
2122 2216 2172 2255 cc·

648 2309 782 2360 cumini.

682 2403 748 2485 (42)
768 2401 975 2464 Vehementer
996 2401 1088 2465 doleo
1108 2424 1159 2464 me
1179 2403 1297 2465 nullam
1318 2424 1337 2465 e
1356 2401 1627 2486 Rhizopcgonibus
1651 2400 1759 2463 Fn'esii
1781 2405 1914 2486 speeiem
1942 2408 2092 2487 inspicere
2114 2425 2169 2487 po·

644 2514 745 2570 tuisse.
768 2508 873 2586 Quare
894 2510 985 2568 etiam
1002 2507 1164 2590 pecuinis
1185 2528 1294 2569 comm
1310 2506 1522 2584 huctificatio,
1543 2507 1666 2590 qualem
1686 2507 1820 2569 Friesius
1837 2506 1979 2585 exhibet,
1990 2509 2066 2570 mihi
2079 2510 2171 2592 plane
2219 2580 2226 2593 .

641 2618 761 2696 ignota,
781 2631 838 2674 nec
858 2614 891 2671 in
911 2610 976 2671 uilo
997 2632 1016 2673 e
1036 2613 1147 2673 nestris
1169 2613 1332 2693 generibus
1354 2624 1436 2674 certe
1450 2613 1645 2697 inveniende.

683 2716 747 2798 (43)
768 2714 846 2776 Vide
866 2715 976 2795 ssepi.
997 2718 1170 2793 variegatus.
1193 2713 1270 2774 Tah.
1292 2712 1348 2788 tv,
1369 2710 1419 2794 fig.
1441 2712 1492 2775 IV.

672 2821 749 2903 (dd)
770 2820 829 2881 Les
852 2817 1071 2902 chaatpignonr
1090 2831 1143 2880 ont
1158 2837 1286 2903 presque
1318 2832 1383 2885 tous
1403 2818 1481 2883 lettre
1509 2821 1627 2900 graiuet
1647 2817 1772 2883 tascie
1803 2817 1898 2884 edes
1915 2818 2003 2904 filets
2028 2821 2171 2887 craime-

643 2942 724 2992 meat
742 2939 847 2988 coam.
868 2923 945 2987 Bull.
968 2922 1096 3010 Charnp.
1115 2946 1145 3008 p.
1167 2923 1217 2990 50.
1893 2944 1897 2949 ·

1322 4548 1500 4574 *a*

1162 4683 1274 4727 hunt
1301 4684 1361 4726 Di!
1388 4684 1493 4724 mu
1521 4686 1662 4728 sititis.
