5100 6900
1827 500 1867 581 87

341 604 478 669 allinitas.
494 602 696 667 susti-svers
716 612 783 669 tum
805 602 939 687 sporidla
951 613 1018 668 tum
1039 604 1166 686 penula
1184 607 1366 690 spermatico
1377 586 1561 691 'plantarum
1582 616 1717 691 germina
1734 613 1773 675 ad
1798 634 1868 696 pso·

339 713 423 792 price
446 710 556 792 speciei
578 709 844 792 reproductionem
874 710 1042 786 destinata,
1072 721 1183 771 natura
1208 723 1327 773 tantum
1351 724 1382 775 et
1407 714 1587 783 evolationis
1614 717 1721 793 modo,
1743 739 1780 787 ex
1800 741 1868 799 vquo

337 814 408 879 iude
440 813 553 897 pendet
584 816 674 877 muca
699 836 736 877 sc
767 816 934 882 mutatis
954 820 1034 879 inter
1054 826 1185 898 utraque
1206 817 1399 896 cbffescutia,
1429 820 1658 904 discrepantia:
1692 824 1739 885 uti
1766 844 1802 885 cx
1822 845 1869 884 se·

338 921 509 1002 queub‘bus.

380 1027 527 1087 Germina
557 1025 737 1107 Fungorum
764 1026 1005 1108 (Agamarum)
1038 1048 1055 1091 e
1087 1027 1214 1109 propriu
1234 1029 1391 1093 carcerulo
1414 1028 1638 1113 ‚lsporaagiis,
1660 1014 1760 1109 acts,
1781 1031 1867 1112 etc.)

338 1151 477 1212 egressa,
497 1134 635 1193 cosmiois
656 1128 829 1195 iufluaubus
850 1131 1128 1197 obsecundantibus
1149 1132 1293 1199 cauimus)
1315 1135 1496 1197 evolvuntur
1507 1160 1521 1213 ,¹
1539 1147 1571 1199 et
1591 1140 1622 1199 iu
1643 1137 1795 1219 perlectas
1817 1137 1870 1201 de·

338 1255 424 1297 mum
446 1246 621 1301 excrescunt
641 1235 759 1319 plamm
770 1282 780 1313 ,
801 1238 875 1318 ipsis
895 1257 971 1299 vcro
992 1233 1211 1311 deficiemibus,
1238 1236 1415 1299 stationaria
1436 1252 1559 1305 manent
1588 1242 1635 1303 rel
1656 1251 1796 1324 percunt
1816 1242 1866 1307 En

336 1342 479 1422 gongyli,
498 1341 654 1424 spondae,
673 1340 815 1424 sporidia.
838 1341 985 1402 Germiua
1005 1351 1128 1402 econtm
1149 1362 1227 1422 quae
1249 1345 1281 1402 in
1301 1340 1715 1424 Phoenocryptogamarum
1730 1346 1869 1413 msimtlm

338 1444 477 1526 pollineis
500 1449 716 1522 cmtiuantur,
735 1456 905 1509 structurae
926 1447 1029 1509 forsan
1059 1448 1219 1534 tenerioris
1239 1447 1289 1509 sel
1309 1450 1406 1529 magis
1427 1446 1645 1530 complicatae,
1666 1474 1683 1509 e
1706 1452 1870 1515 carceralis

339 1571 461 1632 egressa
481 1551 609 1614 ulterius
630 1553 729 1613 avolsi
750 1562 907 1632 nequeunt
917 1591 933 1628 ,-
957 1554 1016 1615 nisi
1037 1554 1069 1615 iu
1089 1552 1295 1637 pectiliaaibus
1315 1555 1429 1614 iterum
1458 1555 1645 1636 excipiantur
1667 1559 1806 1636 organis,
1831 1558 1871 1617 ad

337 1656 465 1718 ulterius
486 1680 594 1719 eorum
616 1661 838 1718 incrementum
859 1659 1070 1720 sustinendum
1091 1659 1254 1727 destinans.
1275 1661 1359 1722 llaec
1381 1681 1501 1743 organa
1522 1659 1662 1742 specialia
1686 1670 1757 1721 sunt
1778 1661 1869 1723 ovida

338 1761 482 1840 (utriculi
503 1783 540 1823 ex
561 1765 687 1827 diversis
707 1764 926 1829 membranulis
946 1765 1101 1828 efformati
1122 1786 1159 1827 ac
1179 1765 1348 1847 galatiuom
1365 1769 1446 1831 intus
1461 1766 1535 1827 foeti
1550 1769 1700 1829 nutrititio
1722 1765 1865 1848 humore)

336 1869 368 1927 in
390 1869 493 1957 orario
515 1869 618 1951 pistilli
640 1867 724 1932 lloris
745 1872 873 1948 incluse,
894 1876 926 1933 in
947 1895 1025 1954 quae
1046 1894 1103 1956 per
1124 1880 1226 1931 actum
1241 1871 1483 1933 foecundationis
1504 1874 1641 1953 germina
1655 1870 1865 1933 uaducuutur.

336 1971 508 2037 Istiusmodi
541 1981 680 2055 germina
714 1980 747 2037 in
766 1980 894 2060 propria
924 1980 1100 2044 evolutione
1133 1976 1296 2039 naulorum
1324 1976 1552 2039 membranulas
1585 1975 1871 2060 (spermodcrma)

337 2079 485 2152 vestiunt,
504 2082 638 2162 ipsisque
670 2082 889 2159 occluduntur,
910 2085 1010 2146 donec
1041 2095 1125 2149 certa
1146 2085 1370 2165 organisatione
1398 2094 1551 2159 assecuta,
1572 2105 1589 2144 e
1609 2085 1717 2143 matris
1739 2103 1869 2165 corpore

336 2180 348 2261 l
359 2184 486 2265 ovorio)
508 2186 649 2249 decidunt
670 2191 701 2248 in
722 2191 882 2271 perlectus,
903 2191 976 2253 dato
996 2201 1157 2276 tempore,
1177 2188 1330 2274 plantulas
1352 2193 1463 2250 iterum
1484 2190 1654 2272 proditius.
1675 2189 1723 2269 En
1744 2190 1869 2249 semina

377 2288 440 2371 (33)
462 2292 527 2352 Hoc
558 2315 620 2353 nou
641 2295 791 2377 ellirgerat
813 2292 1004 2372 G'aoll'royo,
1026 2302 1078 2379 qui
1110 2298 1171 2379 jam
1192 2295 1249 2357 sub
1270 2298 1390 2356 initium
1423 2296 1579 2375 praeteriti
1608 2293 1721 2353 saeculi
1743 2291 1868 2355 Tuber-s

338 2405 460 2457 matura
481 2397 521 2457 ab
541 2401 712 2459 immaturis
733 2400 831 2480 probe
854 2400 988 2461 distinxit
1008 2422 1044 2462 es
1066 2403 1163 2463 camis
1184 2398 1290 2462 colore
1310 2398 1380 2482 plus
1400 2401 1539 2461 minusve
1562 2400 1692 2461 intenso.

380 2498 445 2581 (34)
466 2500 614 2575 Gaoliroy
636 2512 698 2562 tres
717 2506 750 2563 in
771 2504 898 2566 Tubere
918 2510 1024 2568 statuit
1042 2515 1178 2581 aetates,
1199 2505 1297 2567 tribus
1318 2508 1389 2566 anui
1415 2505 1656 2587 tempestau'bus,
1677 2504 1792 2566 vmnali
1814 2509 1869 2566 sci·

338 2601 427 2677 licet,
448 2607 579 2685 aestivae
600 2617 632 2664 et
652 2609 819 2669 autumnali
841 2613 952 2691 privas
973 2612 1135 2694 Qiddquid
1166 2615 1259 2694 igitru
1281 2611 1399 2674 dehac
1431 2635 1466 2676 re
1488 2612 1545 2675 sibi
1567 2616 1660 2675 sumit
1681 2610 1791 2674 Paulet
1799 2658 1813 2687 ,
1834 2633 1869 2673 ex

338 2708 496 2784 Geoffiuyi
517 2710 799 2789 observationibus,
821 2716 989 2793 Gcoffroyo
1010 2716 1193 2792 insalutato,
1215 2722 1440 2799 transcriptum.

379 2812 443 2894 (35)
465 2815 625 2876 Tubcrum
646 2817 823 2880 collectores
854 2819 1060 2902 (Hydram)
1091 2820 1245 2887 nonnullis
1272 2825 1304 2883 in
1333 2821 1428 2896 locis,
1458 2826 1639 2905 praesertim
1673 2827 1706 2883 in
1737 2825 1868 2906 Appeni-

337 2919 403 2991 nis,
424 2938 552 2999 porcum
575 2920 723 2982 alterutro
743 2928 948 3006 posteriorum
970 2927 1084 3009 pedum
1113 2928 1178 2988 funi
1210 2927 1384 3010 alligatum,
1404 2951 1479 3013 prae
1508 2950 1540 2990 se
1562 2941 1656 3011 agtmt
1677 2930 1718 2990 ad
1747 2929 1868 3002 lucain

338 3023 448 3104 quibus
469 3030 631 3107 quotannis
660 3028 786 3089 Tubera
818 3043 965 3093 crescunt
994 3033 1053 3093 Sus
1075 3032 1182 3095 Tuber
1213 3031 1355 3094 facillime
1390 3034 1557 3108 odoratur,
1585 3034 1719 3115 datoque
1754 3034 1867 3117 probo·

343 3128 423 3191 scidc
455 3131 566 3192 indicio
578 3179 587 3207 ,
621 3133 660 3192 ab
682 3136 793 3196 Actore
826 3140 898 3196 resti
930 3137 1113 3215 retrahitur,
1135 3140 1188 3219 qui
1220 3142 1388 3221 pretiosum
1421 3140 1491 3200 inde
1522 3140 1666 3221 Fungum
1692 3139 1807 3199 effodit.
1829 3139 1867 3200 V.

341 3235 441 3295 Mena.
464 3235 483 3295 l.
506 3259 530 3296 c
554 3238 632 3297 Sunt
653 3243 705 3320 qui
728 3243 820 3300 etiam
841 3241 964 3302 Insectis
984 3240 1045 3304 lioc
1064 3264 1175 3304 munus
1208 3243 1355 3306 tribuunt
1381 3244 1566 3304 iamdudum
1594 3253 1753 3304 notaverat
1776 3244 1867 3303 Geof·

341 3343 410 3420 froy
431 3344 578 3424 quasdam
601 3365 722 3408 muscas
744 3368 779 3407 ex
801 3348 889 3408 viridi
911 3358 942 3409 et
963 3347 1365 3423 violaceo-coerulescentes,
1386 3348 1546 3408 latentium
1561 3348 1721 3408 Tuberum
1742 3349 1867 3422 indiceS,

341 3453 380 3512 ab
403 3449 460 3513 illis
481 3473 556 3513 vero
578 3474 656 3534 quae
672 3474 707 3512 ex
722 3456 858 3536 ipsorum
870 3454 1032 3537 putredine
1054 3458 1195 3516 oriuntur
1216 3457 1341 3515 omnino
1357 3456 1500 3531 diversas,
1513 3476 1530 3514 e
1541 3455 1716 3528 Tuberibus
1739 3455 1866 3530 excludi,

340 3578 471 3638 quarum
494 3557 631 3618 iconibus
653 3557 697 3619 lll.
720 3557 806 3620 Com.
829 3560 867 3620 de
888 3559 996 3621 Borch.
1019 3559 1063 3643 (l.
1086 3558 1137 3640 c)
1159 3558 1272 3620 librum
1294 3580 1384 3619 suum
1406 3559 1577 3619 ornandum
1607 3562 1730 3619 curavit.
1753 3558 1865 3620 Dolen-

338 3661 411 3721 dum
434 3671 536 3722 tamen
557 3666 659 3750 icones
681 3655 748 3725 illas
768 3686 896 3748 prorsus
917 3663 1036 3727 fictitias
1058 3686 1128 3726 cum
1149 3664 1240 3727 nullis
1262 3686 1298 3726 ex
1319 3666 1506 3725 insectorum
1528 3664 1686 3748 speciebus
1708 3664 1866 3745 hucusque

337 3768 465 3847 cognitis
487 3771 658 3828 convenire.
680 3768 759 3829 Fere
792 3790 898 3831 omnes
929 3770 1012 3830 illinc
1032 3769 1210 3854 Hydnologi
1228 3771 1267 3834 de
1288 3773 1410 3831 insectis
1433 3770 1593 3831 'tuberum
1620 3770 1732 3831 natalia
1752 3772 1868 3852 patefa-

340 3871 488 3934 cientibus
509 3872 602 3933 locuti
625 3884 702 3934 sunt.
725 3874 809 3936 Haec
821 3876 938 3936 insecta
960 3876 1033 3936 dum
1055 3877 1086 3936 iu
1108 3896 1240 3936 massam
1262 3874 1480 3950 columnarcm,
1495 3886 1530 3934 ut
1550 3877 1644 3957 ajunt,
1666 3896 1698 3937 se
1721 3896 1753 3934 se
1774 3876 1870 3936 extol·

339 3976 422 4052 lunt,
445 3980 506 4037 sive
528 3977 651 4058 quode
674 3979 798 4039 Tubere
820 3979 945 4056 exeant,
967 3983 1029 4041 sive
1051 3981 1136 4061 quod
1156 3979 1233 4042 illud
1254 3980 1400 4055 subeant,
1419 3980 1614 4041 venatoribus
1643 3982 1783 4041 indicant
1806 3982 1869 4043 Tu·

334 4080 445 4145 berum
467 4086 609 4159 insecta,
631 4085 670 4144 ab
691 4086 752 4146 illis
774 4084 905 4147 aliorum
925 4087 1105 4168 Fungorum
1125 4107 1320 4170 nequaquam
1342 4087 1481 4162 diversa,
1507 4087 1636 4147 similem
1657 4085 1867 4147 habitudinem

336 4191 421 4252 haud
442 4192 613 4252 ostendunt.
634 4192 675 4254 Et
696 4204 778 4254 certe
799 4213 891 4255 nemo
912 4198 991 4256 inter
1011 4192 1209 4270 Hydneuros,
1230 4202 1404 4253 nostrarum
1435 4191 1543 4252 saltem
1574 4195 1753 4275 regionum,
1775 4190 1865 4251 simili

335 4296 428 4358 modo
451 4297 576 4358 Tubcm
596 4301 728 4381 inquirit.

379 4400 443 4483 (36)
464 4405 511 4464 An
532 4405 732 4488 Lycoperdon
754 4406 916 4488 globosum
938 4408 1188 4483 subterraneum,
1205 4417 1262 4468 etc
1285 4403 1442 4467 Gledistch
1462 4405 1555 4465 Meth.
1577 4404 1722 4487 pag,157
1746 4404 1865 4465 aFrie·

335 4513 380 4569 sio
401 4509 462 4568 huc
483 4510 612 4570 relatum
635 4532 704 4571 cum
725 4524 832 4575 nostro
854 4518 1014 4578 conveniat
1033 4535 1170 4591 necne,
1190 4533 1283 4596 aegre
1304 4512 1577 4574 determinandum.
1600 4512 1707 4572 Carnis
1724 4512 1811 4572 color
1832 4514 1864 4571 in

335 4613 536 4697 descriptione
561 4614 765 4692 desideratur,
790 4623 909 4679 corticis
930 4642 1005 4682 vero
1018 4666 1035 4695 ,.
1049 4620 1134 4703 quod
1154 4617 1324 4701 singulare,
1346 4617 1475 4675 albidus.
1497 4617 1582 4675 ldem
1605 4615 1722 4674 dicatur
1744 4614 1782 4674 de
1804 4615 1868 4676 Tu·

335 4719 410 4783 bere
432 4719 548 4782 cibario
570 4721 654 4784 Host.
678 4721 749 4798 Syn.
771 4744 838 4805 pag.
861 4721 932 4786 653.

377 4826 441 4911 (37)
462 4828 634 4889 Istiusmodi
656 4826 723 4888 loca
748 4830 913 4890 Tubcraria
934 4828 1026 4913 vulgo
1051 4827 1196 4911 Pssy‘olcy'c
1217 4823 1391 4909 (Tnsffierr.
1414 4824 1512 4906 Gall.)
1535 4825 1696 4899 dicuntur,
1717 4846 1735 4884 a
1757 4825 1861 4886 Tube·

335 4933 421 4994 ribus
445 4937 593 5016 gregatim
607 4934 776 4995 viventibus
794 4933 987 4996 solummodo
1005 4914 1175 4996 constituta
1189 4931 1271 5004 Haec
1282 4931 1452 4993 Tuberaria
1469 4931 1526 4990 sub
1548 4933 1668 4991 annosis
1683 4930 1866 5014 plenmrque

338 5040 511 5119 quercubus
533 5045 607 5116 sita,
629 5041 847 5122 dignoscuntur
867 5041 1013 5124 peculiari
1036 5040 1092 5101 soli
1113 5040 1253 5103 ariditate
1275 5047 1307 5100 et
1326 5036 1413 5098 humi
1429 5048 1546 5098 natura.
1558 5038 1675 5098 Omnes
1695 5039 1760 5099 fere
1780 5036 1863 5112 Hyd-

335 5151 423 5210 neuri
448 5145 573 5230 propria
605 5158 733 5209 noscunt
756 5147 947 5225 Tuberone,
969 5168 1048 5228 quae
1070 5145 1196 5209 sollicite
1218 5147 1405 5223 custodiunt,
1427 5165 1462 5204 ac
1483 5144 1548 5206 aliis
1570 5145 1669 5205 celant
1681 5143 1864 5220 Hydneuris.

337 5252 425 5329 Quae
447 5251 571 5314 Tubera
591 5256 691 5337 prima
712 5264 825 5316 aestate
847 5256 878 5314 iu
898 5253 1006 5338 plateis
1036 5261 1218 5329 occurrunt,
1239 5274 1257 5317 c
1279 5255 1360 5314 notis
1385 5250 1567 5335 plerumque
1592 5249 1779 5311 effodiuntur
1801 5250 1864 5311 Tu·

339 5355 475 5421 berariis.
