5100 6900
868 679 1026 766 Srecms
1055 702 1304 777 momerium.

380 951 520 1036 Turre
547 975 781 1034 euenturum

363 1099 470 1162 Mona.
491 1098 634 1181 Stirpiwrr
653 1095 840 1159 Sardoam
859 1096 1016 1160 maneae.
1038 1098 1128 1161 Fare.
1146 1095 1212 1159 III.
1230 1118 1264 1181 p.
1288 1116 1336 1159 υ.

386 1213 471 1297 «T.
483 1212 685 1321 arrhizon,
699 1210 1012 1323 subglohosum‚
1028 1211 1220 1311 solidum,
1234 1208 1469 1315 inodorum,
1482 1234 1597 1297 extus
1609 1216 1850 1324 nigrescens,

323 1350 642 1452 laeviusculum‚
672 1351 784 1433 intus
813 1348 1020 1451 albidum,
1061 1346 1231 1433 demum
1259 1348 1504 1451 flavescere,
1534 1380 1745 1434 venosum.
1822 1437 1824 1439 ,

380 1484 540 1573 Edule:
572 1485 697 1596 vulgo
728 1486 892 1569 Tuvara
921 1483 973 1567 de
1002 1513 1138 1569 arena:
1169 1486 1446 1598 copiosissime
1474 1485 1665 1598 provenit
1694 1488 1852 1587 marti0‚

324 1622 439 1735 aprili
469 1621 547 1706 sub
578 1642 684 1705 terra
711 1651 879 1723 arenosa
907 1621 1112 1709 maritima
1140 1621 1357 1726 Terralba,
1387 1618 1596 1724 Oristano,
1618 1622 1756 1720 SorSO,
1775 1641 1850 1703 etc.

324 1740 487 1870 Species
515 1790 538 1843 a
566 1759 732 1843 caeteris
762 1757 891 1844 odore
920 1761 1091 1845 omnino
1121 1757 1256 1861 nullo,
1286 1756 1455 1875 aliisque
1480 1759 1715 1841 memoratis
1745 1759 1854 1839 notis

323 1890 491 1979 diversa.
523 1894 642 2002 Quae
671 1895 860 1978 exteriori
889 1896 977 2006 ejus
1006 1890 1236 2008 superficiei
1263 1894 1434 2007 propior
1462 1913 1524 1978 est
1552 1922 1669 1997 cam,
1700 1892 1853 1976 tenuis·

252 2032 255 2037 ⁴
323 2033 444 2113 simas
473 2057 614 2113 arenae
643 2029 866 2113 moleculas
897 2029 1044 2117 referre
1073 2028 1189 2113 solet
1218 2012 1257 2107 »⁶
1278 2030 1472 2138 (Moris).
1882 2028 1888 2037 ’

252 2231 259 2241 ,
385 2166 480 2250 obs.
512 2165 729 2280 Specimeu
762 2168 914 2251 siccum
943 2165 995 2249 ab
1026 2165 1320 2250 humanissimo
1350 2186 1516 2250 auctore
1546 2167 1854 2264 transmissum,

324 2299 521 2387 nucleum
551 2333 693 2387 arenae
713 2301 925 2400 referebat,
938 2304 1069 2404 intus,
1082 2331 1104 2383 e
1118 2301 1247 2384 carnis
1267 2303 1559 2403 contractione,
1575 2329 1730 2385 cavum.
1747 2298 1855 2385 Caro

324 2440 503 2522 internas
535 2440 641 2520 uteri
670 2438 843 2550 parietes
862 2432 1087 2539 obducens,
1107 2431 1266 2538 fluvida,
1287 2463 1466 2539 exsucca,
1483 2435 1636 2553 absque
1660 2416 1856 2524 venarum

324 2570 589 2672 rudimentis3
633 2569 837 2686 peridium
867 2602 970 2688 aqua
1000 2569 1259 2672 emollitum,
1303 2570 1743 2676 floccoso-carnosum,
1779 2603 1857 2655 nu·

324 2709 494 2790 merosis
523 2737 665 2791 arenae
695 2707 909 2791 moleculis
938 2725 1202 2806 contextum,
1231 2706 1482 2793 substantiae
1517 2707 1679 2793 hasilari
1708 2707 1857 2819 stipitis

326 2842 576 2927 Morchellae
616 2844 792 2955 vulgaris
833 2842 975 2927 simile.
1007 2840 1169 2954 Species
1198 2838 1251 2925 ad
1280 2871 1437 2928 novum
1466 2843 1604 2929 forsan
1642 2844 1852 2955 pertinens

328 3006 479 3085 genus,
508 2980 550 3065 in
583 2983 677 3065 vivo
708 2977 849 3064 denuo
876 2973 1150 3063 examinanda
1275 3072 1282 3081 x

714 3315 1062 3403 R'EVISIO
1112 3312 1475 3407 ORDINIS.

1034 3586 1147 3629 mm

385 3921 644 4006 Tuberaceae
674 3916 1048 4032 Gasteromycctrtm
1076 3922 1323 4036 peculiarem
1357 3919 1615 4002 constituunt
1645 3918 1857 4023 ordinem,

329 4064 392 4171 cuj
400 4089 445 4144 us
473 4054 574 4140 radii
603 4084 651 4142 ex
680 4084 760 4138 una
789 4075 903 4167 parte
932 4058 975 4139 in
1005 4054 1289 4154 Protomae,
1319 4084 1368 4137 ex
1396 4053 1520 4137 altera
1550 4057 1594 4138 in
1628 4055 1856 4168 Trr'cosper·

329 4227 415 4277 mos
444 4193 623 4295 abeunt3
658 4190 759 4275 dum
802 4211 991 4278 centrum
1027 4190 1181 4307 duplici
1220 4188 1349 4275 modo
1390 4192 1433 4274 in
1462 4193 1858 4307 Hymenomyeetum

330 4330 497 4413 classem
527 4325 717 4411 deflectit

385 4466 604 4579 Proprium
635 4463 776 4549 locum
805 4461 1016 4551 vindicant
1044 4466 1126 4551 vita
1147 4463 1429 4568 subterranea,
1459 4484 1502 4547 et
1529 4459 1787 4551 fructificatio
1816 4467 1860 4549 in

330 4602 442 4686 nulla
471 4602 603 4715 specie
633 4630 682 4684 ex
709 4603 869 4712 integro
899 4623 1038 4717 aperta
1067 4603 1355 4713 (hymeninal

386 4732 505 4820 Ordo
534 4737 579 4817 in
608 4733 713 4818 duos
742 4733 986 4818 subordiues
1016 4736 1312 4818 naturalissime
1357 4732 1519 4818 divisus.
1551 4733 1746 4819 Subordo
1775 4740 1860 4850 pri·

329 4902 422 4956 mus
450 4903 473 4956 a
501 4868 812 4956 fructificatione
841 4869 1076 4982 imperfecta
1093 4866 1426 4953 Phallor'dearum
1453 4866 1506 4953 ad
1528 4869 1859 4982 perfectissimam

328 5012 724 5124 Hynwuomycetum
764 5007 1049 5118 (Pileatorum
1078 5029 1121 5093 et
1156 5006 1457 5117 Mitratorum)
1488 5003 1709 5093 adscendit.
1741 5006 1860 5094 Alter

193 5181 197 5188 ·
329 5166 495 5228 econtra
523 5174 547 5227 a
575 5140 888 5229 fructificatione
915 5146 1205 5258 perfectissima
1233 5146 1630 5261 Hynrenomycetum
1659 5143 1859 5260 (Copula-

333 5289 501 5388 torum)
536 5283 580 5366 in
619 5279 854 5369 inferiorem
889 5281 932 5368 Τ
927 5288 1253 5396 ricospermorum
1293 5279 1758 5398 (Lycoperdineorum)
1788 5277 1860 5366 de·

335 5414 502 5502 scendit.

1415 5557 1438 5624 8
