5100 6900
668 513 871 701 danorum
899 612 1114 726 prmripue
1142 607 1221 697 sub
1251 611 1484 729 quambm
1512 611 1566 700 arl
1593 615 1866 716 torrentium,
1891 617 2087 731 sepimn,
2106 619 2191 702 ria·

667 778 844 864 rumque
872 750 1085 857 margr‘nes.
1114 745 1331 837 l'ntmdum
1367 753 1492 837 stiam
1520 754 1565 836 in
1601 749 1702 837 locis
1730 751 1869 853 canitis,
1898 753 2193 865 apertam
2199 854 2202 859 ¹

505 996 508 1005 ,
544 970 547 974 A
667 883 746 969 sub
775 883 893 973 salice
934 903 978 967 et
1017 882 1187 996 populo
1217 883 1367 972 Nunc
1379 886 1510 973 humo
1549 887 1807 1002 profunde
1794 890 2025 975 ammissum
2061 889 2190 991 latet,

667 1049 778 1104 nunc
807 1017 922 1134 qussi
950 1047 1154 1107 emersum
1182 1020 1360 1107 solitarie
1388 1023 1455 1109 rel
1483 1027 1672 1135 marie.
1982 1078 1986 1087 ·
2058 1092 2062 1105 .

675 1153 840 1237 obs.-
836 1153 1009 1266 Sapore
1038 1177 1090 1240 et
1118 1154 1248 1243 odore
1285 1181 1400 1269 grato
1436 1162 1551 1277 quasi
1579 1159 1757 1246 Tuberis
1785 1096 2098 1270 Magnetum,
2085 1162 2195 1244 mt'e'r

666 1285 834 1375 Tubere
861 1320 949 1375 non
976 1287 1140 1379 infimae
1158 1306 1291 1381 notae
1296 1317 1406 1383 certe
1434 1295 1750 1402 recensendum
1780 1296 1897 1381 ob
1856 1298 2025 1397 nimiam
2053 1308 2198 1380 tamen

665 1424 827 1509 corticis
854 1444 898 1511 et
926 1427 1056 1519 carnis
1084 1425 1296 1531 duritiem,
1323 1433 1531 1544 speciatim
1550 1435 1603 1517 in
1621 1433 1861 1532 immaturo,
1891 1431 2077 1517 coctione
2104 1459 2199 1515 cre·-

664 1581 871 1661 scentem,
900 1592 977 1649 noc
1006 1596 1091 1653 non
1119 1566 1177 1651 ob
1204 1570 1312 1655 uteri
1339 1572 1580 1682 parvitatem
1599 1570 1824 1725 generatim
1851 1566 2173 1677 negligituram
2173 1610 2195 1628 ·

667 1698 758 1779 nori
787 1700 910 1782 etiam
939 1702 1072 1813 pretio
1101 1701 1345 1789 venditur.

723 1830 833 1916 AFF
838 1835 908 1920 IN
940 1838 1049 1921 Tub
1079 1869 1388 1953 macrosporum
1417 1774 1573 1925 Tuberi
1603 1839 1696 1925 rufo
1725 1837 1844 1925 valde
1873 1835 2019 1939 affine,
2047 1834 2192 1920 distin·

665 1966 805 2074 guitur
837 1969 996 2080 peridio
1034 1976 1217 2063 verrucis
1250 1974 1500 2085 majoribus,
1531 1974 1839 2061 obscurioribus
1880 1973 2035 2074 obsito,
2073 2000 2192 2053 carne
2215 2039 2234 2062 .,

665 2107 888 2209 (matura)
926 2106 1062 2210 molli,
1101 2137 1309 2223 purpureo
1311 2111 1613 2220 -nigrescente,
1647 2105 1776 2194 odore
1816 2106 2008 2210 alliaceo,
2048 2133 2192 2265 sapore

665 2258 809 2344 grato,
838 2261 912 2324 etc

1110 2436 1113 2445 1
1203 2462 1387 2629 Sheec
1417 2458 1532 2603 rus
1581 2504 1655 2591 lli.

724 2784 823 2867 Tre.
854 2815 1173 2891 nmnsnosronmr.
1202 2792 1313 2878 Nob.
1342 2838 1401 2858 -
1429 2793 1532 2879 Τὼ.
1565 2792 1631 2891 ΙΙ,
1657 2787 1727 2901 fig.
1757 2784 1832 2875 111.
1900 2798 1904 2807 '
1948 2862 1952 2869 .
1997 2862 2002 2873 .

719 2915 941 3026 Difforme,
969 2926 1238 3035 angulosum,
1267 2930 1446 3014 verrucis
1474 2958 1586 3013 nuuc
1625 2927 1879 3038 majoribus,
1908 2934 2019 3010 nunc
2047 2927 2190 3007 mino-

667 3052 780 3137 ribus
809 3056 1017 3169 polyedris
1045 3066 1317 3166 muricatum3
1341 3067 1490 3179 puncti
1518 3063 1784 3163 absorbentes
1807 3061 1938 3164 „rarii
1966 3061 2011 3144 in
2038 3068 2189 3171 super·

667 3181 756 3269 ficie
786 3194 935 3300 sparsi3
964 3227 1091 3282 venae
1119 3197 1350 3313 filiformes,
1370 3203 1610 3313 variegatae,
1638 3199 2008 3298 numerosissimae,
2038 3195 2188 3279 subin·

668 3341 821 3432 tegrae,
849 3357 873 3411 e
902 3331 1019 3416 variis
1047 3337 1299 3447 peripheriae
1327 3341 1490 3451 punctis
1516 3340 1566 3423 in
1590 3365 1754 3419 carnem
1782 3333 1970 3492 directae.
2000 3327 2188 3443 Sporidia

544 3503 546 3506 ·
665 3459 814 3559 oralia,
843 3462 991 3569 ciliata,
1020 3471 1303 3584 nigrescentia,
1332 3503 1526 3587 opaco.
1620 3483 1623 3490 ’

666 3617 746 3710 Tui>
767 3625 898 3705 nimo
919 3623 998 3699 rau
1022 3631 1147 3716 οωψ.
1169 3632 1246 3696 ιο.
1268 3629 1331 3697 sss
1333 3625 1475 3718 (sene).
1496 3663 1540 3684 -
1560 3631 1641 3696 rue
1673 3632 1833 3698 eurem
1857 3628 1975 3714 rum
2002 3626 2040 3692 v.
2062 3629 2190 3691 necron„

688 3731 759 3802 ,des
780 3734 868 3795 scien.
889 3751 986 3800 natur.
1006 3738 1097 3802 Atlas
1115 3742 1181 3802 cat.
1202 3742 1345 3805 numr53
1355 3788 1368 3819 ,
1384 3744 1429 3827 pt
1454 3761 1480 3804 ι.
1501 3773 1545 3790 -
1568 3739 1692 3803 Tmttirt
1713 3737 1734 3797 L
1755 3758 1791 3802 c..

725 3857 847 3978 Odor
886 3862 920 3944 F
923 3867 1134 3974 ragreriae,
1172 3867 1438 3953 subfracidus
1477 3866 1632 3954 Utems
1671 3859 1883 3948 interdum
1921 3858 2190 3960 romndstus,

665 3994 814 4082 coloris
843 4000 939 4103 atri,
966 3999 1249 4112 perfricatione
1268 4001 1630 4114 ferrugines-»centis
1649 4000 1856 4088 Verrucae
1874 3993 2191 4117 polymorpbat,

664 4153 780 4218 extus
809 4137 962 4245 nigrae,
991 4137 1102 4222 intus
1122 4137 1420 4242 rubro-imeae,
1448 4135 1716 4242 subfriabiles
1747 4135 1855 4224 Caro
1883 4133 2019 4246 primo
2038 4127 2192 4232 albida,

665 4288 801 4371 tenax,
831 4271 1023 4382 inodora,
1052 4272 1222 4360 demum
1241 4276 1502 4386 graveolens,
1531 4270 1747 4392 adspectus
1775 4268 1936 4371 terrosi,
1964 4268 2009 4350 in
2038 4262 2191 4348 frustu·
2317 4335 2321 4342 .

665 4407 714 4491 lis
744 4409 826 4493 luci
855 4411 1036 4496 obversis
1065 4414 1283 4523 variegata,
1302 4410 1647 4523 nigro-brunnen,
1677 4403 2064 4517 s'ubpurpurascens,
2085 4401 2191 4514 Spo-

666 4544 801 4655 rengis
829 4547 873 4630 in
894 4546 973 4631 hoc
988 4546 1156 4633 Tubese
1173 4580 1197 4632 a
1215 4548 1329 4634 renis
1358 4548 1647 4664 aliquantisper
1670 4541 1836 4644 distant,
1865 4541 1972 4626 linea
1991 4536 2192 4662 diophane

665 4682 911 4798 interposita.
942 4685 1083 4772 Venae
1112 4682 1206 4770 ideo
1236 4684 1288 4772 ab
1318 4684 1394 4772 bac
1423 4681 1734 4795 sporangiornm
1759 4673 2027 4790 dispositione
2056 4694 2191 4765 terna-

664 4819 740 4898 tim
771 4820 887 4932 quasi
915 4817 1158 4926 decurrunt,
1187 4842 1229 4906 et
1257 4822 1367 4904 carni
1386 4814 1615 4932 specificam
1645 4815 1837 4900 tribuunt
1857 4832 2031 4915 notam;‚
2050 4837 2191 4896 earum

665 4954 779 5038 color
807 4951 1189 5064 albido-rufescens.
1233 4953 1322 5042 Snb
1360 4956 1670 5041 exsiccationem
1697 4950 1832 5033 Phalli
1859 4943 2060 5060 impudici
2086 4943 2189 5044 odo·

667 5121 754 5173 rem
783 5090 1035 5198 aemulatur,
1064 5091 1320 5200 contrahitur
1347 5112 1393 5177 et
1419 5113 1555 5178 atrum
1583 5084 1720 5174 induit
1747 5084 1939 5170 colorem.

723 5226 863 5336 Vulgo
895 5228 1068 5343 Ostengh
1097 5228 1150 5311 ab
1180 5211 1368 5340 Augusto
1396 5256 1536 5313 mense
1565 5215 1802 5336 appellatur.

723 5359 775 5443 ln
803 5364 998 5478 argillosis
1027 5394 1154 5481 aeque
1188 5394 1235 5450 ac
1274 5365 1320 5452 in
1356 5364 1533 5466 arenosis
1571 5360 1672 5450 locis
1709 5357 1919 5475 planitiei,
1949 5355 2117 5444 collium
2147 5378 2189 5441 et
