5100 6900
1815 532 1857 608 45

335 636 486 725 summi
514 628 770 732 faciendum,
799 629 942 716 crescit
976 629 1087 714 enim
1127 628 1403 746 copiosissime
1445 630 1544 718 dnm
1575 634 1721 721 alterae
1750 635 1858 721 bru.

332 773 458 859 males
487 771 641 885 species
669 768 869 853 continno
898 765 1204 854 imminuuntur
1225 800 1272 854 ac
1300 765 1517 886 disparent.
1538 769 1755 881 Tuberum
1782 802 1857 857 ex-

333 930 516 994 tremum
546 933 702 1020 agmen.

392 1045 465 1131 AF
467 1047 502 1131 F
506 1045 577 1132 IN.
610 1042 768 1129 Tuberi
797 1042 1038 1156 Magnetum
1067 1039 1213 1161 peridii
1230 1043 1369 1128 colore
1397 1064 1439 1129 et
1469 1045 1575 1130 uteri
1596 1043 1727 1129 forma
1756 1075 1861 1161 qno·

329 1178 554 1266 dammodo
583 1179 728 1266 affine:
758 1210 878 1266 carne
906 1202 1045 1266 tamen
1074 1187 1287 1289 (matura)
1317 1178 1703 1290 uiso-nigrescente,
1733 1180 1862 1268 odore

330 1317 521 1433 specifico
562 1319 1050 1405 subterroso-aromatico
1096 1316 1347 1402 distinctum.
1388 1315 1530 1400 Etiam
1569 1317 1729 1402 Tuberi
1769 1318 1861 1402 nrfo

328 1474 492 1539 externa
519 1454 619 1540 facie
647 1454 789 1558 simile,
819 1457 936 1566 cujus
964 1484 1058 1537 caro
1087 1454 1303 1555 rufescens,
1332 1473 1555 1568 compacta,
1585 1455 1861 1565 cartilaginea,

330 1620 525 1676 nauseosa
555 1589 609 1675 ab
637 1592 710 1675 illo
738 1589 855 1675 facile
884 1592 1070 1703 sejungit.

385 1726 550 1814 Nomen
581 1724 816 1841 specificam
846 1723 975 1813 albidi
999 1730 1083 1843 jam
1113 1725 1167 1814 ad
1194 1726 1315 1813 aliam
1332 1729 1509 1842 speciem
1537 1728 1742 1815 tributum
1771 1759 1853 1815 ser·

334 1862 418 1951 vari
447 1866 533 1950 n'on
562 1865 688 1949 licuit.

909 2147 1182 2283 Sractas
1230 2149 1284 2233 X.

388 2412 490 2499 Tus.
519 2441 772 2498 uacumruu.
801 2409 911 2500 Nob.
939 2460 1000 2478 -
1029 2412 1131 2498 Tab.
1163 2413 1249 2513 ΙΙΙ,
1277 2408 1344 2523 fig.
1374 2411 1491 2499 XVI.

392 2545 915 2652 Globoso-mammosum,
951 2548 1089 2651 laeve,
1117 2545 1332 2648 albidum,
1366 2547 1536 2634 maculis
1576 2544 1711 2634 lividis
1746 2571 1862 2632 nota·

254 2798 256 2801 Ι
334 2702 441 2767 tum.
469 2683 611 2768 Venae
640 2713 905 2781 numerosae,
934 2687 1210 2797 interruptae,
1238 2684 1490 2789 lamellosae,
1520 2714 1544 2770 e
1571 2687 1689 2770 variis
1717 2684 1863 2798 peridii

334 2821 498 2933 punctis
526 2822 570 2902 in
599 2848 762 2903 carnem
793 2815 1005 2930 dispersae.
1036 2816 1224 2932 Sporidia
1252 2820 1501 2932 majuscula,
1530 2849 1774 2923 numerosa,
1804 2819 1862 2904 el·

334 2956 498 3069 liptica,
527 2954 758 3052 sublaevia,
786 2953 985 3037 brunnea.
1248 2956 1253 2965 ’
1467 2952 1471 2963 ’
1716 3060 1720 3067 ⁴

391 3088 513 3177 Odor
541 3088 687 3175 debilis
716 3088 911 3199 fungiuns
943 3086 1179 3201 peculiaris;
1208 3118 1328 3204 sapor
1366 3121 1535 3176 amarus.
1567 3090 1603 3174 F
1607 3120 1739 3202 ungas
1768 3121 1862 3175 ma-

334 3227 549 3341 gnitudine
577 3228 704 3326 varia,
743 3228 844 3338 pisi,
886 3245 1114 3328 castaneae,
1156 3227 1224 3311 ovi
1264 3225 1493 3336 gallinacei,
1522 3248 1625 3324 etc,
1653 3224 1864 3311 interdum

335 3363 559 3449 tuberculis
600 3360 846 3472 granulatus.
889 3361 1132 3473 Superficies
1174 3359 1503 3467 humidiuscula,
1543 3356 1715 3445 demum
1748 3360 1865 3447 rtafe-
1978 3465 1981 3472 Ι

333 3501 471 3600 scens,
500 3497 682 3582 maculae
711 3527 784 3581 seu
811 3497 1016 3582 cicatrices
1044 3496 1322 3606 glaberrimae.
1354 3495 1463 3581 Caro
1499 3499 1700 3612 principio
1729 3497 1865 3585 albida

332 3657 566 3750 compacta,
594 3631 791 3735 inodora,
819 3631 990 3719 demum
1019 3633 1355 3744 rufo-nigricans,
1383 3631 1651 3735 subodornsn,
1666 3637 1779 3721 venis
1807 3634 1864 3720 al-

333 3772 442 3859 bidis
471 3774 677 3881 eleganter
705 3773 916 3881 variegata.

390 3905 567 3994 Nullum
597 3905 721 3991 habet
749 3905 1017 3990 vernaculum
1046 3936 1212 3993 nomen.

395 4045 446 4130 ln
474 4043 642 4157 planitie
672 4040 939 4156 transpadana
974 4042 1170 4146 obvium3
1200 4042 1323 4125 etiam
1363 4044 1407 4127 in
1436 4021 1623 4129 ticinensi
1657 4044 1865 4159 provincia

337 4186 443 4269 circa
472 4176 693 4294 Lurndrngn
722 4179 823 4262 olim
852 4180 1016 4293 reperiit
1043 4178 1096 4262 D.
1125 4178 1161 4262 F
1161 4176 1411 4266 erdinandus
1435 4182 1560 4267 Bezzi
1584 4204 1628 4267 et
1657 4182 1866 4266 humanis-

338 4322 438 4403 sime
468 4317 799 4401 communicavit.

395 4453 590 4565 Gregarie
617 4453 761 4538 crescit
789 4454 832 4538 in
863 4452 1040 4539 Tuberis
1069 4454 1209 4539 aestivi
1238 4455 1416 4559 viciniis,
1446 4485 1629 4573 quocum
1657 4450 1865 4540 interdurn

338 4588 533 4675 effoditur
561 4611 604 4670 et
632 4588 684 4672 ad
714 4588 918 4675 nundinas
946 4589 1129 4677 defertur
1156 4593 1310 4678 aestivo
1339 4612 1536 4703 tempore.
1566 4591 1778 4677 Nonnulla
1806 4610 1867 4675 ta·

336 4757 434 4811 men
463 4721 674 4810 individua
703 4729 826 4809 etiam
855 4747 1056 4809 autumno
1085 4727 1224 4809 seriori
1254 4724 1531 4808 inveniuntur.

399 4861 493 4947 Oba.
525 4861 639 4945 Inter
668 4858 834 4944 Tubera
875 4857 1081 4948 esculenta
1109 4857 1251 4945 viliora
1289 4858 1346 4944 ob
1375 4860 1577 4970 insignem
1605 4864 1695 4975 ejus
1723 4861 1866 4948 amari·

338 4991 527 5083 tudinem
572 4993 925 5101 enumerandum,
966 4994 1071 5079 odor
1113 4996 1265 5097 etiam,
1310 4997 1498 5112 quamvis
1537 4994 1710 5105 debilis,
1754 4997 1867 5084 baud

343 5155 490 5244 gratus.

399 5268 508 5354 AFF
512 5267 583 5356 ΙΝ.
614 5267 759 5353 Tuber
786 5268 1036 5355 maculatum
1065 5300 1269 5355 summam
1297 5270 1424 5355 habet
1452 5300 1547 5357 cum
1576 5268 1743 5356 Tubere
1762 5270 1863 5356 Bor·

298 5517 302 5522 ⁵
342 5408 423 5492 chii
454 5401 709 5506 affinitatem
739 5437 879 5521 sapore
899 5428 1054 5511 tamen,
1084 5406 1232 5513 odore,
1252 5406 1457 5495 crescendi
1476 5409 1569 5494 leco
1598 5430 1641 5494 et
1659 5429 1862 5525 tempore,
