5100 6900
1250 618 1523 709 saratas
1575 618 1629 708 H.

728 891 837 981 Hrtt.
867 916 1029 976 toruos.
1060 932 1120 956 -·-
1148 886 1254 974 Tab.
1285 889 1375 999 ill,
1403 884 1471 1005 lig.
1502 892 1578 979 lx,

731 1031 885 1121 Utarus
923 1022 1414 1142 rotundato-elongatus,
1440 1026 1600 1146 peridio
1628 1025 1794 1128 albido,
1822 1029 2204 1118 tomentoso-molli.

674 1167 784 1253 Caro
824 1162 986 1249 minute
1025 1160 1246 1267 cellulosa,
1274 1196 1446 1252 amoene
1487 1166 1619 1268 lutea,
1657 1164 1772 1253 venis
1812 1164 2021 1253 interdum
2060 1166 2204 1255 albidis

672 1303 777 1390 circa
804 1299 937 1387 basim
965 1300 1141 1412 signata;
1168 1301 1347 1417 sporidia
1374 1303 1681 1408 claraeiormia,
1709 1300 1975 1388 flavescentia
2364 1391 2367 1397 f

729 1435 852 1525 Odor
879 1433 1090 1554 specilicus
1118 1438 1154 1522 F
1156 1441 1362 1551 ragrariae
1392 1442 1565 1554 Fungus
1583 1436 1868 1552 magnitudine
1897 1441 1975 1555 pisi
1993 1439 2060 1526 vel
2088 1442 2205 1527 nucis

670 1575 894 1682 avellanae,
923 1595 1039 1661 extus
1067 1573 1149 1661 lilia
1178 1579 1426 1665 tenuissimis
1454 1578 1685 1695 gossypinis
1708 1581 1971 1685 intertextus,
2000 1577 2204 1694 principio

671 1714 836 1819 niveus,
865 1709 1036 1797 demum
1055 1702 1270 1801 lutosoens.
1301 1714 1410 1803 Caro
1429 1715 1634 1818 unicolor,
1654 1714 1779 1816 lutea,
1805 1713 2094 1823 immutabilis3
2121 1712 2205 1801 ocl-

670 1847 780 1955 lulae
808 1849 1137 1960 regularissimae.

731 1985 783 2068 Iu
822 1984 1002 2070 collibus
1044 2007 1087 2069 et
1119 1988 1336 2074 montibus
1378 1986 1657 2101 transpadanis
1695 2007 1846 2070 aestate
1886 2009 1930 2070 et
1963 1987 2099 2072 hicum
2126 1987 2205 2072 fre·

671 2149 813 2238 quens.
842 2120 948 2230 Legi
966 2122 1090 2209 etiam
1103 2121 1150 2204 in
1169 2121 1466 2208 nemoribnsdi
1484 2123 1723 2211 Gothum
1735 2123 1780 2205 in
1797 2117 2074 2207 lamnam:
2094 2151 2203 2207 vera.

728 2254 914 2342 AFFIN.
944 2254 1264 2367 Hymenogastri
1278 2259 1401 2343 niveo
1419 2279 1584 2346 externa
1612 2257 1713 2345 facie
1740 2257 1899 2345 similis:
1930 2259 2061 2346 carnis
2088 2258 2204 2345 color

672 2391 808 2477 luteus
840 2393 987 2507 speciei
1016 2393 1235 2476 criterium.
2149 2424 2151 2427 ’

1196 2667 1528 2756 Sorores
1589 2670 1665 2754 ΠΙ.

726 2934 836 3025 Hru.
864 2962 1187 3022 arcoraanrunns.
1216 2980 1277 3001 -
1305 2932 1410 3019 Tab.
1441 2933 1508 3041 ll,
1536 2931 1604 3045 lig
1633 2935 1687 3022 V.

680 3103 694 3112 ·
725 3072 880 3161 Utems
909 3067 1323 3182 globoso-difformis,
1349 3068 1509 3187 peridio
1537 3069 1868 3183 albo-fuliginea,
1897 3072 2199 3184 sericeo-laevi3

668 3239 762 3298 caro
795 3208 957 3311 mollis,
985 3207 1166 3315 clastica,
1194 3204 1326 3294 diluta
1353 3207 1571 3320 fiiliginea3
1600 3207 1770 3294 cellulae
1797 3210 2071 3321 majusculae,
2100 3213 2199 3296 irre·

667 3347 837 3462 gularcs,
866 3377 890 3430 e
917 3342 1005 3428 basi
1037 3340 1090 3427 ad
1119 3365 1309 3429 centrum
1342 3348 1451 3429 uteri
1478 3345 1657 3429 seriatim
1696 3341 1883 3429 directae.
1914 3342 2104 3460 Sporidia
2132 3345 2200 3431 fn-

668 3486 870 3587 siformia,
899 3478 1050 3597 pallide
1078 3479 1282 3592 fuliginea.

724 3620 904 3706 Habitus
932 3613 1178 3731 Lycoperdi.
1209 3613 1332 3701 Odor
1359 3611 1626 3701 snballiaoeus
1666 3611 1733 3699 rel
1760 3611 1957 3726 funginus
1988 3616 2202 3730 peculiaris

668 3754 846 3842 caulium
864 3774 1123 3838 vetustorum
1146 3753 1359 3838 Brassicaa
1379 3751 1415 3837 F
1417 3780 1551 3862 uagus
1574 3748 1856 3862 magnitudine
1892 3756 2010 3839 nucis
2037 3754 2197 3867 juglan-

667 3892 729 3979 dis
758 3890 824 3977 vel
852 3888 981 4004 pugni
1008 3889 1128 3986 varia,
1157 3890 1298 3999 junior
1317 3886 1466 3973 coloris
1490 3883 1921 4001 abido-pallescentis.
1938 3886 2046 3975 Caro
2063 3893 2199 4005 primo

667 4028 814 4131 albida,
842 4030 887 4112 in
916 4026 1066 4135 Fungo
1093 4043 1279 4108 recenter
1306 4021 1480 4124 exfosso,
1496 4021 1824 4124 humidiuscnla,
1852 4043 2075 4139 compacta,
2105 4031 2199 4112 uni·

667 4165 808 4270 color,
837 4161 968 4247 basim
997 4159 1283 4246 fomentariam
1301 4157 1538 4273 Lycoperdi
1565 4161 1759 4269 gemmati
1792 4158 2105 4276 quodammodo
2132 4193 2195 4246 ra-

666 4301 812 4400 ferens‚
841 4296 1011 4385 demum
1040 4325 1219 4397 exsucca,
1247 4294 1359 4380 levis.
1376 4292 1563 4409 Sporidia
1584 4325 1729 4411 parum
1756 4324 1986 4395 numerosa,
2000 4292 2192 4409 pediculo

666 4438 851 4549 longiore
880 4439 1089 4523 instructa.
1109 4433 1347 4540 Exsiccatus
1361 4461 1625 4546 summopere
1644 4427 1913 4534 manebitur,
1941 4449 1984 4515 et
2013 4430 2193 4517 colorem

667 4574 1021 4685 rufo-fuligineum
1051 4571 1230 4656 assumit
1927 4551 1930 4558 ’

719 4711 860 4822 Vulgo
889 4709 1096 4822 Spuatetw
1125 4705 1183 4790 ob
1212 4705 1420 4816 ingratum
1449 4733 1575 4820 quem
1604 4704 1756 4817 spargit
1784 4699 1969 4794 odorem.

715 4842 895 4929 Abuffle
924 4847 1066 4930 crescit
1094 4845 1139 4925 in
1167 4831 1370 4950 argillosis
1394 4840 1563 4926 collium
1592 4860 1635 4924 et
1662 4840 1873 4926 montium
1891 4834 2189 4952 transpadano-

657 5011 776 5084 rum,
805 4979 879 5066 ubi
908 4981 1030 5063 etiam
1073 4977 1151 5062 sub
1195 4979 1289 5062 nive
1328 4973 1523 5060 effoditur
1550 5006 1633 5062 una
1672 5004 1769 5062 cum
1798 4972 1967 5058 Tubere
2003 4974 2188 5060 Borchii.

660 5119 768 5203 Caro
796 5121 884 5233 ejus
913 5144 1104 5214 exsucca,
1133 5142 1253 5226 sapor
1281 5113 1482 5225 ingratus,
1512 5114 1608 5199 hinc
1636 5113 1703 5197 vix
1730 5109 1975 5195 esculentus.

731 5254 803 5337 AF
806 5255 840 5339 F
844 5254 914 5342 IN.
955 5253 1284 5365 Hymenogaster
1321 5248 1636 5364 lycoperdineus
1675 5274 1770 5331 cum
1812 5243 1981 5338 Tubere
2023 5246 2187 5332 Borchii

663 5391 799 5475 colore
828 5412 870 5474 et
897 5390 1027 5475 forma
1055 5416 1315 5501 summopere
1355 5386 1569 5470 convenit:
1600 5380 1865 5493 distinguitur
1901 5381 2076 5468 mollitie
2104 5383 2186 5468 ela-

663 5528 760 5610 stica
789 5528 942 5630 carnis,
972 5516 1028 5609 ac¹
1044 5552 1242 5610 venarum
1273 5520 1467 5611 absentia.
