5100 6900
1824 554 1868 597 21.

404 629 551 714 HIST.
582 627 729 715 Genus
756 626 810 713 ab
838 652 918 733 ulta
937 636 980 715 et
998 664 1129 735 qaae
1151 628 1330 729 dictum,
1359 654 1472 712 nunc
1499 632 1678 744 primum
1708 632 1867 720 editum

339 763 557 874 (Bulliard
586 766 697 851 solus
725 797 852 850 unam
885 764 1097 880 descripsit
1125 771 1301 880 speciem
1341 764 1420 850 sub
1450 767 1629 856 Tuberis
1667 774 1869 858 moschati

338 902 532 1008 nomine)
561 899 705 1015 peridii
734 921 777 984 et
805 904 990 1013 hymenii
1018 903 1244 1017 praesentia
1272 901 1701 1015 Hymenomycetibus
1730 911 1867 991 uteri-

337 1034 418 1135 nis,
446 1058 490 1122 et
517 1037 927 1149 Gastemmyeetibus
956 1039 1191 1150 hymeninia
1218 1041 1464 1151 proximum.
1485 1041 1632 1150 ‘Fungi
1661 1041 1868 1131 subterra·

336 1172 428 1276 naig
449 1174 692 1293 'matatitate
720 1178 858 1258 tamen
885 1174 1134 1274 submersi,
1161 1176 1297 1289 primo
1328 1178 1759 1290 carnoso-compacti,
1789 1176 1882 1267 tle-J

336 1339 455 1395 mum
483 1308 642 1416 molles,
670 1310 1041 1423 cellulam-pmcn,
1070 1310 1298 1421 fragrantes.
1318 1311 1614 1411 Exsiccatione,
1634 1312 1881 1426 e‘sporidiis.

337 1446 564 1530 numnrdsis
586 1444 912 1547 'secedentibus‚
953 1446 1211 1533 subiriabiles
1240 1444 1447 1547 evadunt,
1476 1469 1519 1532 et
1548 1447 1792 1533 mirabiliter
1818 1446 1873 1534 de

336 1581 504 1694 proptia
531 1581 715 1695 pondere
742 1605 786 1667 et
814 1583 1026 1668 volumine
1063 1588 1269 1683 amittunt
1300 1583 1479 1669 Habitus
1519 1582 1756 1698 Lycopendi
1786 1598 1873 1671 non

338 1715 538 1818 Tuberte,
568 1746 751 1833 quocum
785 1739 924 1803 tamen
953 1719 1046 1804 loco
1075 1722 1226 1826 natali,
1256 1723 1524 1831 vegetationis
1563 1742 1769 1834 tempore,
1800 1738 1872 1836 pe'-

336 1847 443 1935 ridio
472 1881 635 1966 semper
662 1854 816 1956 clauso,
844 1856 1152 1973 floccorumque
1181 1857 1363 1944 absentia
1392 1870 1583 1943 ceterum
1604 1860 1870 1945 conveniunt.

338 1986 527 2101 Species,
555 1994 618 2073 uti
647 1989 839 2094 videtur,
868 2023 1111 2079 numerosae
1138 2017 1201 2079 att
1227 1992 1450 2079 difficulter
1469 1995 1526 2077 ob
1547 1995 1782 2079 citissimam
1811 1995 1871 2077 al·

339 2125 582 2208 terationem
611 2113 947 2210 determinantur.
978 2127 1133 2236 Vigent
1161 2133 1318 2243 optime
1346 2131 1483 2214 hieme
1503 2131 1626 2213 etiam
1655 2129 1746 2215 sub,
1763 2131 1873 2230 nive,

341 2256 596 2345 effodiuntur
624 2282 763 2348 tamen
803 2265 948 2375 majori
988 2265 1033 2347 in
1061 2265 1177 2376 eopia
1220 2263 1375 2348 vernali
1410 2283 1453 2347 et
1481 2264 1633 2348 aestivo
1675 2281 1871 2375 tempore.

342 2393 392 2477 In
422 2395 580 2481 cibariis
609 2426 696 2479 non
727 2397 889 2511 recepti.
1765 2405 1774 2416 '

890 2675 1221 2762 Senatus
1280 2675 1312 2759 1.

399 2942 508 3027 th.
539 2973 725 3028 canamus.
755 2991 814 3009 -
843 2942 946 3028 Tab.
978 2939 1156 3052 111‚·fig.
1188 2941 1240 3024 ll:
1325 3000 1331 3007 -

382 3079 555 3166 'Utetus
583 3076 1053 3190 rotundatoaihhosum
1082 3078 1318 3191 elongatus,
1348 3077 1498 3178 varius,
1527 3076 1685 3192 peridio
1714 3077 1871 3179 nitide,

341 3219 513 3319 sericea,
541 3246 711 3299 amoene
741 3219 902 3320 cimina,
932 3238 1046 3302 tactu
1066 3214 1293 3303 rmescente
1322 3217 1563 3313 instructus,
1584 3213 1754 3298 cellulae
1781 3245 1873 3328 par·

344 3380 443 3451 vae,
473 3352 659 3455 strictae,
699 3352 1183 3463 oblongo-serpentinae3
1220 3349 1461 3432 cellularum
1499 3350 1673 3470 parietes
1702 3371 1873 3455 tenueS,

335 3486 520 3589 ustrinae,
540 3483 833 3571 decolorantes.
866 3484 1055 3599 Sporidia
1083 3484 1329 3586 liniformia‚
1356 3485 1872 3600 papillosa5n1brossfusca.

391 3618 514 3706 Odor
540 3619 658 3707 fortia
678 3625 846 3710 'enectae
876 3625 985 3707 casei
1025 3625 1114 3706 n'on
1131 3625 1274 3727 'ettcti⁹
1304 3653 1430 3739 quem
1465 3623 1696 3710 Lombardi
1728 3625 1873 3708 Struc-

331 3762 449 3843 cds'nc
478 3781 638 3843 vocant.
670 3760 849 3871 Fungua'
872 3757 1157 3870 magnitudine
1184 3747 1301 3844 nucis
1330 3757 1534 3848 avellanae
1558 3758 1624 3844 vel
1652 3754 1869 3868 juglandis.

337 3894 444 3978 Caro
473 3924 497 3978 e
525 3891 805 4007 apotidiccum
834 3895 973 3980 colore
1014 3894 1357 4001 neto-nigricans,
1385 3892 1546 3976 lineolis
1587 3891 1874 4005 citrino-palli·

339 4027 402 4113 dis
431 4028 693 4138 (cellularum
706 4031 952 4146 penatibus)
982 4031 1192 4137 variegata,
1212 4029 1326 4113 venis
1354 4025 1565 4114 interdum
1587 4027 1875 4113 concolotibns

342 4168 445 4249 eirea
472 4165 604 4249 bmim
632 4195 822 4278 percursa
841 4169 905 4250 uti
923 4168 967 4250 in
990 4165 1166 4249 Tubere.
1187 4163 1470 4250 Exsiceatione
1498 4191 1646 4279 parum
1666 4162 1876 4268 decrescit,

342 4297 531 4403 indurat,
562 4322 604 4384 at
632 4301 817 4385 colorem
846 4301 1146 4412 nigro-faucum
1175 4303 1355 4386 assumit
1488 4375 1490 4380 .
1653 4373 1656 4378 ⁴

400 4435 451 4518 In
478 4435 656 4521 collibus
686 4441 730 4522 et'
757 4437 973 4523 montibus
1002 4434 1282 4553 transpadanis
1315 4436 1677 4555 frequentissimus.
1708 4436 1877 4538 Hieme,

346 4599 439 4653 vere
470 4590 512 4652 et
541 4593 701 4656 aestate.
1353 4617 1355 4626 ,
1660 4595 1663 4600 ·
1775 4647 1779 4650 ,

404 4705 601 4793 AFFIN.·
619 4708 939 4821 Hymencgastti
969 4708 1168 4795 Bulliardi
1204 4706 1359 4811 affinis,
1389 4713 1506 4822 cujus
1540 4736 1634 4794 caro
1662 4727 1876 4822 nunquam

349 4845 732 4959 citrino-variegata.
