5100 6900
403 645 504 733 obs.
530 638 605 731 oh
633 638 807 729 odotem
834 659 880 727 at
906 644 1092 757 uaporem
1131 662 1296 752 gratam
1327 637 1438 726 inter
1465 641 1631 727 Tubere
1663 542 1872 731 recorderis⁵

343 783 495 870 marito
524 802 754 898 receptum
781 777 1006 866 difficulter
1045 800 1182 866 tamen
1219 783 1266 864 in
1298 780 1511 867 subtiliora
1549 780 1722 897 bustula
1761 779 1869 866 redi-

342 922 453 1032 gitur
478 939 650 1034 propter
674 944 872 1002 renerum
901 914 1120 1003 decursum
1148 938 1191 1003 et
1217 916 1433 1031 specialem
1461 916 1766 1013 dehiscentium.

399 1055 474 1142 AF
475 1055 511 1140 F
513 1054 585 1141 ΙΝ.
614 1052 760 1139 Tuber
799 1053 1081 1168 oligo'spomm
1119 1083 1198 1167 pro
1212 1052 1400 1138 'Tubere
1422 1080 1686 1167 macrosporo
1713 1074 1755 1139 et
1768 1114 1770 1119 -
1783 1050 1873 1134 loc-

342 1188 433 1277 tide
471 1189 586 1276 facile
625 1190 734 1275 sumi
775 1198 924 1304 potest
953 1189 1024 1275 Ab
1050 1211 1229 1308 utroque
1248 1260 1252 1267 .
1268 1211 1406 1274 tameo
1446 1189 1711 1301 distinguitur
1750 1217 1871 1273 vena·

342 1354 445 1411 rum·
473 1323 629 1430 iorni,
668 1329 892 1440 aporaugiis
924 1325 1167 1433 rarioribus,
1205 1327 1401 1430 minutis,
1432 1323 1566 1410 odore
1599 1322 1770 1409 domurn
1798 1350 1874 1406 nec

342 1461 507 1546 alliacus
535 1488 613 1549 uec
639 1459 808 1547 foetido.
839 1462 997 1547 Tuberi
1018 1464 1147 1548 ctiam
1175 1462 1268 1548 ruso
1297 1483 1460 1548 externa
1494 1458 1599 1546 facie
1627 1456 1772 1564 affine3
1799 1454 1878 1541 sed

343 1626 437 1683 caro
467 1598 625 1700 mollis,
652 1597 905 1684 suaveolens
921 1620 963 1684 ct
991 1596 1129 1712 sapida
1157 1620 1219 1685 est
1237 1600 1291 1684 iu
1302 1598 1487 1685 Tubere
1516 1597 1774 1775 oligosporo‚
1803 1611 1873 1674 te·

343 1762 440 1835 nar,
470 1763 694 1840 muscosa,
722 1733 969 1848 insipidam
999 1735 1166 1820 Tubere
1196 1733 1300 1820 rufo
1429 1784 1470 1807 ·-
1867 1774 1872 1782 ι

658 2046 780 2079 ···
848 2010 1342 2197 Sruurusll.
1432 2068 1437 2077 ·

403 2276 504 2362 Tua
534 2305 831 2363 monosroamt
860 2278 970 2367 Nob
999 2329 1060 2347 -
1087 2281 1191 2367 Tab.
1222 2282 1268 2382 Ι,
1298 2277 1364 2391 fig
1394 2280 1447 2365 V.

401 2409 916 2522 Rotundum-gibbosum,
956 2413 1175 2520 medium,
1218 2414 1444 2500 tuberculis
1485 2414 1689 2515 minimis,
1724 2408 1879 2525 planis,
1940 2488 1944 2499 .

345 2545 607 2633 difformibus
638 2551 912 2650 muricatum3
940 2551 1134 2658 maculis,
1161 2552 1280 2638 lineis
1308 2574 1381 2637 aut
1410 2553 1522 2637 rimis
1561 2547 1877 2635 absorbentibus

345 2683 610 2795 ferrugineis,
644 2715 696 2787 ex,
723 2686 1036 2772 tuberculorum
1074 2690 1280 2802 majorum
1324 2692 1425 2775 serie
1468 2688 1729 2802 compositis,
1770 2685 1878 2770 varie

347 2840 552 2905 notatum.
586 2819 722 2906 Plione
762 2851 837 2907 seu
874 2852 1001 2909 venae
1038 2854 1223 2940 sparsae,
1258 2852 1525 2924 numerosae,
1565 2824 1816 2935 interruptae
1855 2849 1879 2902 e

347 2958 466 3040 variis
495 2953 640 3070 peridii
668 2959 834 3071 punctis
862 2960 905 3042 in
934 2990 1097 3045 carnem
1115 2957 1340 3075 dispersae·
1359 2960 1582 3073 Sporangia
1609 2957 1733 3069 longe
1759 2953 1876 3071 pedi·

347 3091 513 3197 eellau3
539 3091 722 3207 aporidir
750 3095 901 3199 oralia,
929 3093 1210 3210 praegrandia,
1239 3094 1456 3182 sublaevia

347 3236 1416 3342 rommmtriacrap.a74

404 3363 530 3453 Odor
568 3366 685 3453 fortia
726 3368 1175 3456 alliacen-aromaticus
1219 3371 1254 3453 F
1257 3397 1391 3480 ungues
1434 3367 1717 3480 magnitudine
1760 3374 1876 3460 nucis

346 3503 573 3604 avellanae,
601 3503 807 3618 juglandis
818 3569 837 3607 ‚.
866 3506 933 3592 vel
972 3508 1141 3621 majori,
1170 3505 1572 3619 nigro-ferrugineus
1603 3507 1715 3628 Caro
1741 3512 1877 3625 primo
2022 3521 2026 3528 ’

346 3638 457 3744 alba,
486 3661 695 3754 compecto
722 3640 882 3728 reurdit
910 3640 1350 3758 abido-cartilagineis,
1368 3647 1438 3742 uti,⁴
1449 3647 1493 3730 iu
1509 3645 1750 3732 Tuberibus
1779 3676 1876 3761 spu·

348 3778 443 3879 riis,
485 3806 698 3892 percursa,
727 3774 897 3861 demum
925 3777 1270 3897 fusco-purpurei·
1305 3775 1387 3868 ιιι
1409 3771 1672 3892 nigrescentis
1712 3782 1872 3881 coloris.

347 3912 512 4014 venae,
540 3943 564 3997 e
608 3913 720 3998 rimis
749 3917 834 3999 sive
873 3918 1043 4001 maculis
1086 3918 1563 4027 remenso-ferrugineis
1604 3937 1791 4019 exortae,
1831 3919 1876 4003 in

348 4075 511 4132 carnum
538 4046 768 4136 dendritice
797 4063 1041 4157 excurrunt,
1069 4055 1189 4137 initio
1227 4050 1410 4158 albidae,
1439 4049 1617 4137 demum
1644 4047 1775 4138 dilute
1801 4052 1875 4138 fir-

349 4202 582 4267 acescentes.
614 4175 804 4295 Sporidia
822 4184 939 4272 nudo
967 4187 1091 4273 oculo
1109 4191 1428 4304 conspiciuntur
1457 4187 1740 4274 Exsiccatioue
1763 4215 1874 4276 sum·

348 4345 516 4432 mopere
543 4319 801 4405 contrabitur
813 4326 1032 4443 ,ejusque
1060 4347 1199 4412 cortex
1227 4343 1401 4437 rugosus
1442 4346 1485 4411 et
1512 4301 1874 4444 arbcartilagiueus
1961 4437 1965 4447 Δ

349 4453 496 4543 evadit

406 4590 554 4700 Vulgo
586 4590 750 4699 sotera
792 4589 977 4754 Solt'engl
1014 4596 1131 4716 quod
1172 4597 1286 4686 laeve
1314 4620 1457 4704 sonat,
1486 4600 1609 4685 ob
1572 4629 1660 4716 eJus
1697 4601 1878 4756 superfi-

347 4729 478 4830 ciem,
519 4711 741 4814 tuberculis
781 4732 989 4835 minimis,
1017 4734 1171 4856 planis,
1186 4733 1399 4912 adpressit
1433 4735 1649 4838 vestitam,
1678 4738 1746 4821 rix
1773 4767 1875 4824 mu-

348 4866 535 4947 rictum.
683 4891 688 4906 ·
720 4865 726 4890 ²

360 4998 497 5085 Sub
524 4995 679 5085 Iunii
666 4981 842 5085 mitium
859 5021 1130 5090 maturescere
1157 5003 1338 5152 incipit
1328 5013 1412 5088 nna
1440 5033 1536 5092 cum
1558 5003 1728 5093 Tubere
1756 5009 1876 5103 aesti-

350 5165 432 5237 vo,
460 5138 504 5219 in
534 5136 711 5222 hiemem
750 5168 882 5256 usque
917 5121 1167 5255 perdurans3
1193 5119 1339 5286 majori
1367 5159 1524 5228 tamen
1542 5144 1590 5229 in
1617 5144 1736 5260 copia
1763 5143 1874 5231 effo-

351 5268 465 5356 ditur
493 5271 692 5385 Augusto
749 5323 753 5330 ·
1048 5293 1052 5306 ’
1094 5305 1096 5309 ·

408 5408 604 5496 Crescit
591 5443 637 5496 ιιι
656 5413 757 5499 locis
787 5414 982 5528 argillosis
1001 5416 1182 5531 planitiei
1211 5397 1381 5501 collium
1401 5438 1456 5502 et.
1466 5417 1672 5505 montium
1693 5439 1874 5536 transpa-
