5100 6900
680 545 793 740 'ilua
824 652 878 739 ll.
907 652 1066 767 Spurio.
1097 650 1492 754 carnoso-coriacea
1516 646 1867 763 subcartilaginea,
1895 651 2090 769 insipida,
2123 682 2207 738 non

733 790 949 878 esculenta.
968 838 1027 856 -
1041 787 1208 874 Tubera
1235 817 1403 873 arenosa
1439 786 1632 873 dentibus
1661 789 1824 875 inimica
1852 785 1958 875 Pte.
1987 789 2144 877 [Just
2174 820 2208 874 c.

738 934 756 1041 (
776 926 1118 1037 Chondrosarci)
1149 927 1243 1032 (dr).

1201 1202 1703 1291 SnncrrrsXIV.v

741 1473 841 1559 Tun.
872 1501 1050 1558 urmnun.
1078 1469 1189 1559 Nob.
1218 1516 1280 1537 -
1307 1469 1420 1555 Tab.'
1441 1469 1511 1574 ll,
1540 1467 1607 1580 fig.
1636 1432 1713 1555 X]

737 1609 892 1700 Uterus
922 1606 1152 1710 rotundus,
1184 1606 1273 1693 basi
1315 1607 1522 1692 tantillum
1563 1602 1802 1721 depressus;
1842 1606 2000 1723 peridio
2041 1609 2208 1721 glabro,¹

679 1750 942 1851 crassissima
963 1738 1229 1857 'cartilaginea
1262 1743 1422 1830 macula
1460 1740 1622 1828 basilan‘
1663 1742 1908 1831 absorbente
1937 1750 2213 1861 patentissima

681 1881 818 1970 albida
846 1886 1058 1971 instructo.
1093 1882 1235 1969 Venae
1278 1878 1572 1985 albidissimae,
1611 1911 1759 1993 parum
1797 1884 2039 1968 numerosae
2071 1917 2095 1970 e
2122 1886 2212 1970 basi

680 2020 957 2133 utplurimum
985 2020 1030 2100 in
1058 2038 1246 2101 centrum
1275 2019 1382 2099 uteri
1410 2011 1598 2098 radiatim
1616 2017 1830 2100 immissae.
1861 2018 2050 2131 Sporidia
2069 2042 2213 2106 ovato-

682 2152 887 2255 rotunda,
901 2151 1189 2253 laeviuscula‚
1233 2149 1411 2263 granulis
1452 2146 1705 2260 rotundatis,
1734 2151 1885 2269 pallide
1914 2154 2213 2243 rufescentibus

610 2318 616 2324 ”
687 2292 852 2409 repleta

741 2425 863 2514 Odor
891 2455 1123 2512 nauseosus
1153 2424 1189 2508 F
1190 2451 1324 2534 ungas
1353 2400 1636 2535 magnitudine
1664 2426 1779 2509 nucis
1811 2427 2016 2514 avellanae
2045 2429 2213 2541 regula-

682 2565 889 2667 rissimus
918 2562 1066 2647 coloris
1095 2559 1187 2647 rufo
1189 2559 1486 2664 -flarescentis,
1515 2560 1683 2661 nitidus,
1712 2561 1923 2647 interdum
1941 2567 2112 2653 maculis
2144 2599 2217 2653 seu

682 2698 842 2785 lineolis
871 2696 1017 2781 albidis
1046 2697 1168 2780 etiarn
1204 2697 1248 2776 in
1291 2692 1505 2806 superficie
1547 2716 1726 2780 notatus.
1758 2696 1867 2781 Caro
1906 2704 2043 2812 primo
2080 2702 2216 2789 albida

596 2834 601 2845 ’
683 2835 798 2920 venis
827 2832 1059 2933 obsoletis,
1077 2828 1250 2914 demum
1278 2825 1503 2927 retenens,
1536 2847 1679 2933 tenax,
1723 2861 1894 2938 venosa,
1924 2833 2091 2949 lapidea.
2109 2840 2213 2926 -Ve-

682 3001 759 3056 nae
788 2971 832 3053 in
859 2963 1083 3053 individuis
1111 2961 1492 3049 albido-maculatis
1522 2964 1741 3051 universis
1758 2970 1879 3052 etiam
1907 2969 2053 3084 peridii
2072 3002 2211 3086 punc.

685 3110 761 3211 tis,
791 3104 943 3221 quibus
971 3101 1153 3187 maculae
1182 3094 1453 3213 respondent,
1482 3102 1731 3187 exoriuntur.

740 3240 882 3350 Vulgo
914 3259 1093 3322 vocatur
1127 3233 1372 3337 Pollettone,
1406 3232 1451 3318 T
1445 3233 1655 3349 arapsolo
1681 3257 1758 3325 etc
1788 3257 1889 3336 etc,
1930 3240 2213 3357 nominaque

679 3374 956 3490 insigniuntur
983 3392 1140 3484 ceterae
1167 3374 1319 3485 species
1347 3369 1473 3483 hujus
1499 3373 1700 3456 sectionis

742 3511 832 3604 Sub
860 3512 1049 3595 autumni
1077 3475 1205 3593 finem
1234 3517 1330 3590 cum
1360 3507 1527 3591 Tubere
1555 3507 1721 3594 Rorchii
1753 3511 2023 3603 commistum
2051 3514 2095 3597 in
2123 3514 2213 3599 foro

683 3647 893 3736 interdum
920 3647 1089 3760 prostat
1109 3643 1217 3736 Non
1246 3642 1519 3727 esordentum

741 3779 927 3869 AFFIN.
957 3780 1116 3863 Tuberi
1144 3777 1239 3863 rufo
1267 3774 1399 3863 affine
1429 3777 1710 3889 Distinguitur
1737 3776 1949 3893 superficie
1968 3783 2098 3870 nitide
2127 3817 2213 3872 non

553 3987 558 3994 -
687 3948 928 4021 verrucosa,
956 3945 1034 4000 nec
1062 3917 1222 4000 nmosa
1248 3914 1392 3998 Euam
1421 3944 1516 4002 cum
1546 3914 1715 4000 Tubere
1743 3914 1909 4003 Borcbii
1928 3918 2219 4023 conflanditun
2255 3903 2258 3910 ¹

685 4089 709 4145 a
737 4089 823 4174 quo
851 4075 992 4140 tamen
1019 4049 1221 4167 discrepat
1248 4050 1397 4161 insigni
1424 4047 1570 4165 peridii
1598 4070 1641 4138 et
1669 4053 1800 4137 carnis
1828 4050 1996 4160 duritie,
2026 4058 2213 4169 genitinis

687 4190 925 4282 Tuberibns
953 4186 1066 4275 hand
1094 4189 1267 4304 propria

1127 4501 1131 4508 ’
1247 4467 1520 4555 Srecrns
1568 4467 1663 4554 XV.
1731 4509 1732 4512 Ν

744 4745 882 4833 Tuam
909 4739 1057 4831 noran
1081 4741 1194 4827 Pico.
1222 4743 1283 4810 -’-
1308 4736 1414 4824 Tab.
1445 4736 1485 4841 1,
1514 4734 1582 4848 fig.
1612 4734 1645 4823 Ι.

741 4879 966 4982 Difforme‚
994 4877 1152 4992 peridio
1181 4875 1543 4986 subcartilagineo,
1572 4875 1731 4959 minute
1759 4903 2001 4977 seuuemo,
2030 4877 2212 4964 scissuris

688 5051 761 5106 seu
790 5016 902 5107 rimis
942 5013 1229 5126 irregularibus
1270 5010 1433 5116 obsito,
1464 5014 1587 5097 etiam
1627 5009 1822 5096 sublaevi.
1852 5013 1992 5099 Venae
2028 5034 2216 5100 externae

675 5158 859 5257 strictae,
878 5149 1037 5238 albidae
1065 5181 1089 5236 e
1118 5152 1229 5234 rimis
1257 5144 1484 5263 superficiei
1512 5149 1556 5233 in
1584 5149 1747 5232 earnem
1767 5167 2004 5257 vergentes;
2033 5150 2216 5237 internae

688 5289 835 5377 lividae
864 5289 1232 5401 subcurtilaginese.
1263 5284 1450 5404 Sporidia
1477 5281 1733 5387 laeviuscula,
1762 5284 2156 5401 elliptico-elongata.
