5100 6900
859 623 1133 717 Sraorat
1180 651 1380 715 uuita

414 898 542 986 Prool
574 895 767 983 Juurruut
796 896 1187 1009 -Tab.11‚fig
1219 894 1338 982 Vlll.

411 1037 567 1132 Uterus
596 1032 800 1131 rotundus
829 1034 895 1123 vel
923 1034 1069 1145 leviter
1093 1063 1381 1155 compressus,
1406 1054 1522 1133 extus
1557 1035 1699 1147 niger,
1729 1036 1889 1147 minute

355 1202 620 1273 verrucosus,
649 1174 829 1259 verrucis
857 1169 1056 1287 adpressis
1094 1201 1241 1289 parum
1271 1170 1448 1267 elevatis.
1480 1171 1589 1259 Caro
1620 1172 1789 1277 mollis,
1819 1204 1890 1260 ex·

355 1341 497 1414 tucca,
527 1309 765 1421 grmtdeaa,
791 1308 1051 1397 subfriabilis.
1072 1311 1214 1397 Venae
1242 1304 1441 1425 pallidae,
1470 1307 1773 1418 irregulares,
1762 1330 1890 1395 mter·

352 1467 514 1561 ruptae,
534 1450 825 1559 emugimue,
852 1446 1056 1552 cottianae,
1082 1462 1109 1539 'e
1137 1448 1255 1535 variis
1285 1444 1431 1562 peridii
1459 1448 1624 1561 punctis
1653 1449 1697 1531 in
1725 1479 1890 1534 earnem

357 1581 570 1698 dispersae.

411 1719 536 1806 Odor
562 1722 756 1831 ingratus.
787 1720 822 1807 F
823 1750 958 1834 ungus
987 1721 1269 1834 magnitudine
1306 1723 1384 1837 pisi
1413 1721 1479 1808 vel
1499 1722 1624 1807 ‘nutis
1662 1720 1890 1826 avellanae,

357 1886 447 1943 raro
476 1855 704 1979 juglandis,
734 1857 1077 1971 regularissimns,
1105 1861 1258 1953 cortice
1292 1860 1407 1947 tenui
1430 1859 1642 1963 ‚vestitum
1671 1857 1788 1942 fovea
1816 1887 1889 1945 seu

354 1996 456 2079 tima
482 1993 644 2079 basilari
673 1993 906 2080 destitutus.
938 1995 1047 2081 Caro
1087 1994 1429 2110 (sporangisera)
1463 1991 1623 2096 albida,
1651 1992 1889 2079 immutabi-

351 2129 424 2235 lis3
454 2159 582 2216 venae
608 2133 747 2245 primo
775 2128 959 2234 albidae,
987 2158 1133 2244 parum
1161 2131 1362 2234 visibiles,
1390 2130 1561 2217 demum
1590 2128 1773 2244 pallidae.

416 2266 557 2380 Vulgo
584 2265 857 2372 Morundint',
891 2267 936 2351 T
930 2266 1045 2379 nfitle
1072 2265 1138 2352 del
1167 2267 1355 2379 Giuepru.

415 2403 464 2488 In
494 2402 620 2515 sylvis
648 2401 820 2488 collium
849 2423 892 2487 et
919 2404 1128 2487 montium
1164 2400 1564 2516 transpadanorum,
1587 2401 1692 2497 circa
1719 2401 1745 2488 J
1747 2432 1890 2518 unipe·

356 2570 425 2627 ros
442 2541 678 2654 praesumot
709 2539 870 2627 obvius.
890 2539 1107 2625 Autumno
1136 2538 1353 2627 recedente
1372 2560 1415 2625 et
1442 2541 1612 2625 ineunte
1637 2539 1773 2624 hieme
1794 2568 1889 2624 cum

356 2676 595 2763 Tuberibus
625 2655 884 2775 effoditur,
872 2678 1052 2791 ipsisque
1079 2677 1327 2767 communis
1356 2677 1400 2763 io
1440 2675 1532 2761 foro
1561 2674 1890 2792 frequentissime
2009 2658 2011 2665 ⁸

353 2832 492 2903 eraut.
520 2811 632 2899 Cam
661 2812 749 2923 ejus
779 2809 975 2925 insipida,
1003 2807 1178 2912 foetida,
1207 2836 1404 2895 nauseosa
1433 2838 1509 2893 nec
1537 2809 1754 2911 esculenta

414 2946 488 3033 AF
490 2947 525 3031 F
526 2946 600 3035 IN.
632 2946 787 3035 Omnia
816 2947 984 3033 Tubera
1012 2948 1368 3057 ventarum-nigra
1393 2944 1530 3035 adhue
1556 2947 1803 3050 immatura,
1831 2943 1890 3031 fa·

355 3084 433 3171 uile
461 3115 539 3199 pro
568 3083 691 3171 Piooa
718 3083 917 3198 Juniperi'
935 3085 1044 3171 suini
1073 3104 1256 3202 queunt,
1283 3105 1349 3171 est
1370 3085 1488 3171 enim
1512 3112 1663 3171 ,eorum
1693 3112 1789 3171 oaro
1818 3111 1889 3196 pa·

354 3222 455 3307 riter
482 3220 598 3326 alba,
642 3219 876 3336 superficies
916 3222 1076 3311 minute
1118 3251 1344 3313 verrueosa.
1384 3220 1711 3332 Distinguuntur
1751 3240 1890 3303 umen

355 3386 474 3443 earne
503 3355 700 3464 inodora,
728 3378 967 3474 eotupaota,
989 3355 1254 3460 succulenta,
1284 3378 1328 3440 et
1354 3358 1508 3452 cortice
1536 3355 1740 3443 crassiore.

591 3593 686 3713 xi.
716 3624 1115 3714 retroasrna.
1146 3625 1262 3714 erus
1298 3633 1419 3734 (non
1447 3591 1583 3714 veum
1601 3639 1626 3737 r.

414 3900 581 3988 CHAlt
610 3899 766 3990 Uterus
795 3899 1100 4008 subrutundus,
1129 3902 1300 4003 sessilis,
1329 3901 1891 4008 flosculoso-tuberculosus,

356 4069 578 4153 rumpens,
606 4041 717 4124 intus
746 4039 1183 4144 cellulosoearnosus,
1214 4037 1490 4155 e'sporangiis
1518 4040 1754 4155 majusculis
1782 4042 1891 4127 sub-

357 4175 537 4284 globosis
565 4177 786 4286 aggregatia
814 4177 1079 4292 oompooitus
1110 4175 1301 4293 Sporidia
1328 4198 1572 4282 coacervata.

414 4311 562 4399 ΗΙὸΊῖ.
593 4311 841 4401 Genuaaa
844 4336 913 4405 oue
941 4331 1054 4402 eta
1011 4358 1054 4414 aa
1057 4359 1099 4411 ς
1103 4357 1122 4418 ρ
1149 4310 1328 4416 dietum,
1357 4312 1619 4402 substantia
1607 4334 1767 4414 interna
1795 4314 1895 4404 sub·

357 4447 578 4557 uniformi,
606 4449 737 4538 thullo
766 4472 818 4538 et
836 4452 945 4541 loon
960 4453 1160 4569 epiphyto
1191 4450 1244 4542 ad
1271 4482 1449 4570 sequens
1476 4452 1662 4568 proxime
1682 4449 1891 4550 accedens.

357 4584 595 4672 Ceterum
581 4617 626 4672 rn
656 4591 756 4674 vivo
771 4587 913 4684 denuo
938 4588 1256 4684 obseruandum.
1287 4587 1549 4686 Mouendtuu
1570 4621 1688 4691 vero,
1703 4613 1772 4686 tuo
1792 4586 1895 4686 elia·

355 4743 551 4809 racterem
578 4752 667 4808 non
695 4724 832 4810 solum
860 4757 909 4811 ex
936 4726 1174 4811 auctoribus
1213 4722 1410 4829 citandis,
1449 4723 1522 4810 sed
1562 4745 1605 4810 et
1641 4721 1823 4833 elimgo
1851 4726 1896 4822 iu

350 4855 476 4948 tedia
504 4860 695 4950 mut
721 4873 746 4950 a
775 4860 961 4973 Koufgio
1001 4860 1138 4972 letto,
1174 4871 1364 4956 ueterum
1398 4859 1556 4967 dubio,
1585 4881 1628 4950 at
1649 4883 1678 4950 a
1706 4862 1894 4981 sequenti

358 4994 495 5080 forsan
524 4995 714 5101 diverso,
743 5002 971 5118 sumpsisse.
