5100 6900
676 610 681 617 ·
781 546 1383 689 Monoennpmn
1435 554 2088 721 nnnnnnceannn

1366 1060 1500 1106 mm!

1146 1700 1719 1794 TUBERACEAE.

668 2014 954 2137 Temnum,
983 2038 1026 2120 in
1058 2036 1431 2154 Gastemmyoemm
1448 2037 1574 2124 elme
1600 2065 1625 2121 n
1652 2037 1687 2122 F
1690 2033 1810 2121 riesio
1838 2036 1996 2147 optime
2024 2038 2197 2142 locataea

667 2175 977 2290 Angiogasnum
995 2169 1263 2257 subordinem
1293 2174 1570 2276 constituunt,
1598 2173 1715 2285 cnjus
1743 2170 1992 2259 characteres
2021 2197 2139 2259 sunt:

729 2307 897 2394 CHAR.
914 2308 1068 2395 Uterus
1087 2307 1246 2409 sessilis,
1265 2306 1726 2409 rotundato-difformis,
1739 2308 1984 2426 plerumque
2002 2311 2196 2415 arrhizus,

667 2442 743 2529 sed
772 2443 902 2529 thallo
930 2446 1108 2557 passim,
1135 2447 1351 2557 punctisve
1379 2443 1720 2545 absorbentibus,
1749 2444 1960 2531 interdum
1993 2448 2117 2533 etiam
2140 2447 2197 2533 fi·

569 2660 576 2673 .
666 2580 798 2667 brillis
838 2580 1114 2668 radicantibus
1141 2585 1366 2669 instructus
1373 2644 1391 2686 ,
1417 2581 1597 2680 clausus,
1627 2577 1904 2685 inaniscens,
1933 2585 2045 2667 intus
2074 2610 2198 2669 cavus

665 2718 731 2802 vel
759 2717 1223 2818 venenoso-carnosus,
1253 2719 1367 2802 venis
1410 2718 1570 2830 saepius
1596 2736 1868 2801 marmoratas
1905 2717 1974 2801 vel
2001 2719 2198 2805 cancella·

669 2873 747 2937 tus.
779 2850 971 2967 Spcridia
1000 2852 1120 2957 varia,
1149 2853 1386 2966 majuscula,
1415 2852 1514 2939 escis
1544 2850 1611 2936 vel
1640 2853 1863 2967 sporangiis
1881 2853 2199 2941 membranaceis

664 2987 841 3092 inclusa,
870 2987 939 3073 vel
966 2990 1090 3073 ctiam
1118 2986 1260 3073 nuda?

727 3124 823 3207 Obs.
852 3123 1007 3210 Uterus
1036 3126 1102 3209 vel
1133 3158 1155 3209 e
1186 3127 1443 3240 receptaculo
1487 3128 1685 3241 simplici,
1713 3127 1780 3212 vel
1821 3129 2107 3241 epartialium
2135 3161 2198 3214 re·

667 3257 974 3373 captaculorum
1003 3260 1380 3369 conglomeratione
1408 3263 1656 3347 efformatus.
1688 3258 1793 3347 Inde
1820 3259 2028 3374 peridium
2058 3266 2201 3372 (uteri

665 3397 869 3514 parietes)
899 3396 966 3484 vel
996 3396 1218 3502 essentiale,
1246 3395 1510 3483 manifestum
1539 3401 1563 3511 (
1566 3395 1609 3482 T
1605 3396 1768 3483 chemae
1773 3401 1809 3508 ),
1839 3396 1906 3484 vel
1935 3395 2200 3498 accidentale,

667 3536 854 3648 spurium
882 3535 1300 3652 (Hynwnognstereae
1313 3540 1348 3647 ).

721 3667 869 3757 HIST.
900 3671 936 3757 F
938 3674 1037 3784 ungi
1066 3674 1311 3790 plerumque
1347 3670 1631 3776 subterranei,
1672 3668 1882 3758 interdum
1917 3661 2065 3756 tamen
2101 3672 2200 3758 sub·

667 3809 813 3891 emersi
835 3807 1083 3922 (Rizopogon
1094 3809 1221 3908 Fries‚
1253 3807 1465 3893 Gauderia
1477 3806 1587 3893 Nob.
1608 3810 1717 3916 etc),
1746 3837 1792 3894 ec
1819 3808 2008 3922 epiphyti
2040 3804 2199 3918 (Endo-

665 3973 764 4058 gone
792 3943 928 4043 Link‚
953 3940 1193 4060 Podygaster
1220 3943 1335 4029 Fries
1351 3949 1387 4053 >3
1416 3947 1597 4059 juniores
1627 3942 1898 4057 subpulposi,
1927 3943 2059 4029 adulti
2100 3976 2199 4030 om-

667 4084 769 4163 nino
789 4081 946 4195 absque
963 4080 1119 4184 floccis,
1149 4079 1246 4163 hinc
1274 4112 1298 4163 a
1326 4076 1649 4193 Lycoperdincis
1677 4078 1793 4165 facilc
1822 4078 2016 4166 distincti.
2037 4080 2199 4191 Specie.-

665 4246 759 4300 rum
788 4214 956 4300 historia
985 4214 1198 4331 hucusque
1218 4216 1413 4325 neglecta.
1436 4214 1644 4302 Linnaeus
1673 4245 1799 4300 unam
1828 4235 1992 4300 tantum
2021 4217 2199 4329 speciem

665 4352 743 4436 sub
773 4382 919 4463 genere
947 4349 1211 4466 Lycoperdon
1240 4353 1410 4437 notavit.
1439 4352 1624 4439 Persoon
1652 4355 1697 4437 in
1725 4380 1797 4436 sue
1826 4355 1995 4465 synopsi
2018 4373 2198 4470 quatum

664 4488 816 4602 species
844 4488 923 4574 sub
953 4490 1077 4574 unico
1095 4517 1240 4598 genere
1260 4487 1437 4600 (Tuber)
1457 4487 1678 4602 desenipsin
1702 4486 1737 4573 F
1739 4487 1880 4573 riesius
1909 4491 2061 4601 speeies
2091 4488 2198 4574 duo·

668 4623 803 4709 decim
831 4625 875 4709 in
904 4646 1084 4742 quatuor
1111 4622 1315 4738 disposuit
1355 4655 1501 4737 genera
1533 4629 1557 4733 (
1569 4623 1613 4707 T
1608 4625 1728 4727 uber,
1759 4623 2039 4740 Rhizapogon,
2068 4624 2196 4741 Pody·

662 4760 1031 4878 gnster‚Endogonc
1039 4766 1075 4874 )‚
1105 4792 1281 4877 quarum
1299 4758 1524 4845 nonnullae
1543 4760 1721 4844 exoticae
1749 4789 1797 4845 ac
1824 4791 1970 4876 parum
1999 4762 2195 4872 cognitae.

662 4900 751 4988 Nos
780 4904 931 5016 species
951 4898 1215 5018 quadraginta
1234 4920 1277 4983 et
1296 4900 1416 5000 ultra,
1430 4900 1473 4981 in
1494 4918 1590 4982 oeno
1610 4924 1755 5007 genera
1772 4895 2001 4998 distnbutn,
2019 4896 2196 5014 descrip-

664 5038 803 5123 simus.
832 5035 1036 5142 Exoticas,
1066 5067 1112 5122 ac
1140 5057 1372 5122 nostratum
1401 5066 1486 5121 non
1516 5036 1618 5119 visas
1646 5032 1841 5147 plurimas
1875 5063 1898 5116 a
1933 5034 1968 5120 F
1970 5035 2089 5122 nesio
2119 5067 2195 5122 no·

666 5194 772 5260 antas
813 5177 1052 5292 simpliciter
1092 5173 1361 5264 indicavimus
1401 5174 1719 5289 (anopogon,
1761 5169 2020 5293 Polypum&
2053 5155 2200 5262 Euan

665 5319 812 5425 sone).
953 5333 958 5348 ·
1360 5357 1362 5362 ·
