5100 6900
338 616 705 716 numerosissimae,
733 612 941 701 difformes
969 647 995 701 e
1022 617 1141 702 variis
1166 610 1420 733 peripheriae
1448 619 1623 733 punctis,
1652 643 1715 706 ast
1740 652 1864 736 prae·

337 757 509 867 cipuee
544 751 661 837 fovea
688 751 860 856 basilari,
898 754 941 836 in
980 783 1142 839 carnem
1172 752 1398 839 dendritice
1425 756 1637 842 immissae
1677 755 1865 870 Sporidia

337 887 617 988 subrotundai
643 885 801 972 mediae
831 888 1145 999 magnitudinis,
1170 889 1382 997 eclrinata,
1411 892 1589 1002 grauidis
1616 892 1864 1006 majusculis,
1961 980 1963 985 ,

337 1021 498 1139 pallidis
526 1023 691 1138 repleta.

335 1212 442 1279 Tub'er
462 1218 612 1307 aestivum
634 1192 730 1299 pulpa
750 1215 942 1307 subobscura
967 1219 1068 1282 miuus
1100 1216 1205 1302 sapida
1230 1226 1271 1279 ac⁴
1296 1216 1402 1278 odora.
1430 1216 1524 1280 Micia.
1547 1215 1617 1299 gea.
1639 1238 1669 1302 p.
1692 1237 1762 1280 aar.
1784 1218 1865 1279 Tub.

374 1322 510 1404 napum.
532 1320 644 1384 Allan.
676 1321 726 1383 Il
753 1320 826 1383 Pet
855 1322 899 1395 11,
929 1320 1095 1403 pegusa&
1117 1323 1199 1385 Tra
1220 1321 1358 1405 (anob).
1379 1322 1508 1393 Maura
1526 1324 1575 1385 Ft
1595 1324 1680 1386 Rom.
1701 1334 1772 1407 pag.
1793 1321 1866 1399 486.

376 1424 458 1487 Tub.
478 1425 642 1491 elbiduml
663 1427 753 1488 aaa
772 1426 851 1507 &aa
873 1422 917 1499 ll,
937 1445 1006 1507 pag.
1028 1447 1086 1510 ²9¹
1111 1426 1187 1511 (36)
1207 1427 1315 1490 Tuber
1335 1426 1483 1489 ebutium
1504 1427 1651 1508 Soavcrby
1671 1427 1747 1511 Eag.
1768 1428 1866 1509 Fraag.

377 1537 399 1593 t.
421 1529 492 1615 dog
513 1561 557 1579 ·-
578 1529 689 1617 asgup(
709 1530 794 1592 Far.
814 1530 894 1605 Scor.
915 1549 999 1591 utun.
1026 1529 1113 1609 1064
1134 1565 1177 1583 -
1196 1531 1329 1597 Hcolrer.
1350 1531 1399 1593 Fi.
1421 1533 1500 1593 scot
1521 1552 1586 1617 par.
1608 1533 1652 1607 ll,
1672 1549 1742 1617 pag.
1769 1551 1813 1593 ro.

393 1700 514 1786 Odor
553 1703 744 1787 fermenti
772 1703 1122 1809 subaromaticus‚
1152 1705 1219 1791 vel
1248 1705 1354 1789 Zeae
1384 1707 1624 1789 immaturae
1659 1701 1865 1786 subustac.

335 1837 506 1949 Fungus
534 1820 818 1949 magnitudine
846 1844 962 1927 nucis
992 1842 1044 1926 ad
1062 1844 1190 1957 pugni
1218 1864 1261 1926 et
1281 1843 1398 1925 ultra.
1428 1841 1633 1924 Verrucae
1652 1864 1866 1951 praegran-

336 1973 437 2079 des,
479 1976 899 2086 anguloso-rimosae,
940 1982 1090 2062 cortine
1111 2000 1116 2041 ³
1134 1982 1251 2088 nigro
1282 2006 1328 2062 ae
1357 1978 1616 2061 transversim
1658 1972 1867 2057 interdum

334 2111 501 2209 striato,
529 2113 709 2196 vestitae.
741 2111 849 2195 Caro
879 2114 996 2195 initio
1026 2113 1185 2217 albida,
1214 2134 1449 2227 compacta,
1478 2109 1669 2212 inodora,
1697 2107 1866 2191 demum

334 2244 606 2345 molliuscula,
636 2243 784 2329 eoloris
812 2244 992 2330 brunuei
1020 2246 1114 2359 plus
1143 2252 1332 2333 minusve
1353 2251 1527 2350 intensi,
1557 2244 1756 2346 odorosa,
1785 2244 1867 2325 cito

334 2366 473 2464 tamen
504 2408 679 2464 exsucca.
716 2383 857 2464 Venae
900 2380 1094 2494 peculiari
1131 2384 1409 2496 implicatione
1447 2377 1714 2482 distributae,
1744 2377 1868 2461 albo-

334 2511 568 2625 fuligineae,
599 2515 898 2616 immutabilem
927 2548 1054 2601 venae
1083 2520 1231 2605 alterae
1259 2518 1394 2604 fuscae
1425 2515 1681 2632 esnperlicie
1710 2517 1868 2599 interna

335 2649 481 2763 peridii
509 2649 730 2754 formatae,
760 2650 981 2737 hincinde
1010 2682 1178 2764 sparsae.
1210 2656 1434 2767 Sporangia
1465 2650 1745 2755 subrotunda,
1773 2652 1868 2735 bre·

337 2787 500 2869 vissime
542 2784 807 2911 pedicellata‚
847 2790 1210 2903 mono-exospora.
1254 2791 1537 2874 Exsiccatione
1579 2816 1725 2903 parum
1766 2814 1865 2870 con·

336 2920 514 3005 trahitur
542 2952 587 3006 ac
614 2924 859 3006 immutatus
887 2918 959 3007 diu
987 2925 1177 3035 persistit.

336 3082 340 3109 ²
397 3056 465 3142 Ab
495 3056 607 3143 Italis
642 3056 817 3169 Panassa
845 3044 1020 3143 micale
1047 3082 1242 3165 vocatur,
1270 3062 1397 3172 vulgo
1426 3061 1653 3189 Mafflcngo
1682 3088 1705 3141 a
1733 3056 1865 3171 Maj03

339 3195 541 3279 nonnulla
584 3197 695 3280 enim
737 3191 949 3279 individua
990 3199 1073 3309 jam
1116 3197 1169 3280 ab
1212 3197 1293 3284 hoc
1334 3226 1477 3284 meuse
1518 3200 1563 3281 in
1605 3196 1749 3309 plateis
1790 3222 1867 3279 oc·

337 3352 522 3418 currunt.
568 3342 572 3349 '

337 3491 341 3500 ’
389 3446 570 3553 Vernale
600 3467 746 3553 Tuber
774 3470 817 3553 iu
846 3490 1093 3554 autumnum
1123 3498 1251 3586 aeque
1284 3490 1585 3573 maturescena;
1615 3467 1779 3582 copiose
1808 3486 1869 3551 ta·

336 3627 434 3688 tuen
463 3600 662 3687 effoditur
699 3605 726 3688 J
729 3604 813 3688 ulio
854 3624 896 3689 et
925 3603 1125 3715 Augusto.
1154 3607 1343 3691 Planitiei
1382 3607 1555 3692 collium
1583 3625 1626 3688 et
1660 3607 1868 3688 montium

337 3738 707 3852 transpadanorum
736 3740 893 3841 incola3
923 3764 1031 3825 amat
1050 3744 1264 3858 praecipue
1294 3742 1430 3826 solum
1449 3742 1704 3851 argillosam,
1735 3737 1868 3848 sylvas

339 3905 436 3989 prae
465 3876 608 3959 ceteris
637 3877 872 3992 quereiam,
902 3906 977 3960 nec
1006 3908 1092 3960 non
1121 3878 1211 3963 lom
1240 3898 1379 3989 aperta
1406 3879 1449 3959 in
1479 3903 1709 3991 quercuum
1745 3894 1869 3989 atque

339 4033 615 4098 castanearum
634 4015 800 4096 viciniis.
831 4013 1026 4123 Gregarie
1053 4015 1198 4097 crescit
1231 4044 1277 4097 ac
1305 4011 1399 4127 plus
1442 4013 1579 4096 minus
1619 4010 1700 4095 alte
1727 4001 1869 4119 figitur

342 4149 495 4252 humo,
525 4151 637 4259 apice
667 4148 763 4232 hinc
792 4148 874 4232 illic
904 4178 1072 4234 emerso.
1756 4153 1759 4156 ‘

400 4285 495 4369 Obs.
527 4284 557 4368 l.
589 4282 733 4368 Tuber
762 4287 959 4369 aestivum
990 4283 1288 4369 nonnullorum
1300 4284 1544 4395 Fungornm
1576 4281 1630 4368 ad
1657 4309 1870 4384 normam,

340 4420 618 4505 determinatis
648 4422 691 4503 in
732 4420 831 4504 locis
872 4423 1093 4539 quotannis
1133 4425 1276 4506 crescit
1306 4421 1410 4537 (37).
1442 4420 1662 4534 Hyduenri
1696 4416 1791 4505 ideo
1819 4414 1871 4500 ad

339 4554 507 4638 libitum
536 4554 756 4660 effodiunt,
785 4578 828 4641 et
857 4560 1124 4644 immaturum
1152 4559 1398 4674 plerumque
1427 4554 1481 4642 ad
1515 4553 1721 4640 nundinas
1749 4551 1871 4636 defe-
2012 4555 2018 4562 '

340 4710 438 4774 runt
466 4688 569 4773 lucri
597 4719 724 4773 causa.
744 4690 1011 4800 Dignoscitur
1039 4723 1158 4776 carne
1186 4693 1334 4790 albida,
1363 4712 1590 4804 compacta,
1618 4688 1748 4780 odore
1772 4688 1870 4771 'uul-

339 4827 411 4930 lo‚
440 4846 482 4910 et
510 4854 653 4939 sapore
681 4809 738 4910 a'b'
763 4825 838 4910 illo
867 4826 1061 4910 tuberum
1090 4824 1220 4910 solani
1247 4823 1434 4909 ‘tuberosi
1462 4853 1608 4940 parum
1638 4820 1811 4910 diverso

398 4962 581 5049 AFFlN.
612 4943 772 5050 Tuberi
790 4947 975 5049 'brumali
1006 4983 1048 5049 et
1077 4961 1366 5075 melanosporo
1396 4960 1709 5047 tuberculorum
1739 4959 1869 5044 forrata

233 5135 241 5142 ·
344 5120 387 5182 et
425 5095 707 5211 magnitudine
748 5104 1008 5213 proximum
1048 5098 1248 5213 discrepat
1292 5098 1430 5184 colore
1470 5100 1625 5202 carnis,
1666 5126 1742 5184 uec
1781 5123 1867 5179 non

343 5232 472 5320 odore
500 5257 543 5323 et
581 5265 724 5351 sapore
763 5239 941 5354 proprio.
971 5236 1175 5326 Nonnulli
1218 5239 1337 5324 etiam
1378 5267 1474 5324 cum
1503 5235 1669 5323 Tubero
1707 5238 1866 5320 macro·
