5100 6900
667 571 770 759 iidia
809 669 1032 786 majuscula
1073 667 1392 785 ovato-elliptica
1432 669 1527 785 plus
1555 671 1742 758 minusve
1771 670 1981 774 echinata,
2010 672 2191 785 granulis

566 882 605 897 ..
668 812 973 915 minutissimis,
1002 807 1245 921 sphaericis,
1274 804 1605 893 decolorantibus
1634 815 1712 913 (an
1741 807 1983 923 sporidiolal
1995 815 2083 917 )in
2102 810 2193 921 glo

670 946 877 1033 merulam
906 946 1131 1055 congestis,
1160 943 1324 1059 repleta.

724 1083 819 1166 Otr.
850 1078 1004 1166 Uterus
1033 1079 1352 1183 subterraneus,
1380 1077 1498 1162 fovea
1526 1076 1687 1163 basilari
1715 1079 1834 1165 vel
1803 1080 1913 1165 rimis
1932 1096 2003 1165 aut
2030 1081 2192 1193 pupetis

669 1216 714 1297 in
742 1210 954 1328 superficie
982 1211 1298 1301 absorbentibus
1325 1216 1561 1319 instructus,
1591 1214 1658 1300 vel
1687 1216 1808 1299 etiam
1837 1220 1880 1302 in
1909 1237 2196 1302 centro-eacc-

612 1362 619 1371 ‘
668 1370 797 1435 vatus.
828 1351 967 1435 Venae
996 1379 1019 1435 e
1046 1348 1261 1465 superficie
1289 1371 1452 1436 externa
1480 1346 1625 1464 peridii
1663 1351 1811 1437 intrusi
1846 1350 2071 1456 formatae,
2099 1377 2200 1439 oum

670 1505 840 1570 externo
868 1487 1228 1588 communicantes,
1257 1485 1706 1601 subalbidaeopacae3
1736 1518 1840 1604 quae
1872 1518 1970 1574 vero
2000 1520 2024 1573 e
2051 1515 2196 1599 super·

669 1615 760 1705 ficie
783 1622 1020 1706 conniventi
1046 1622 1206 1706 interna
1225 1620 1409 1736 ejusdem
1428 1621 1572 1737 peridii
1591 1625 1738 1709 intrusi
1757 1627 2007 1727 nuntiantur,
2034 1619 2197 1722 lividae,

670 1756 1050 1867 subcartilagineae,
1076 1755 1316 1872 pellucidae.
1337 1760 1571 1874 Sporangia,
1600 1762 1644 1846 in
1672 1760 1896 1847 substantia
1925 1757 2072 1876 peridii
2100 1787 2197 1845 cen*

672 1890 763 1973 trali
792 1891 957 1994 inclusa,
986 1895 1166 2005 spatium
1184 1924 1207 1977 a
1223 1895 1340 2008 plicis
1359 1924 1432 1985 seu
1460 1898 1574 1983 venis
1600 1897 1954 2010 circumscriptum
1984 1914 2196 2008 occupant.

670 2024 811 2108 Venae
840 2026 911 2108 tali
939 2048 1060 2139 pacto
1089 2033 1380 2138 vegetationis,
1411 2061 1503 2113 earo
1532 2033 1639 2114 inter
1668 2035 1773 2142 ipsas
1802 2030 2020 2113 distributa
2057 2060 2198 2142 repro·

672 2156 877 2243 ductionis
912 2181 1150 2273 apparatum
1191 2150 1460 2247 constiuuunt.
1490 2160 1678 2277 Sporidia
1720 2165 1763 2246 in
1792 2162 2031 2248 Tuberibus
2065 2164 2200 2276 primo

641 2291 830 2391 albida,
858 2294 1085 2407 pellucido,
1114 2295 1193 2379 sub
1234 2299 1468 2381 maturitate
1509 2297 1690 2383 colorem
1731 2299 1969 2383 brunneum
1997 2297 2091 2413 plus
2120 2299 2197 2381 mi·

672 2447 800 2514 nusve
838 2432 1046 2514 intensum
1087 2448 1311 2516 assumunt
1352 2433 1450 2517 Pars
1493 2430 1587 2517 ideo
1629 2433 1902 2547 sporangifera
1943 2435 1988 2518 in
2028 2434 2201 2523 maturis

673 2566 911 2650 Tuberibus
941 2586 1175 2649 constanter
1204 2565 1383 2650 colorata
1412 2567 1506 2675 (33).

728 2699 904 2785 EVOL
936 2699 1044 2785 Caro
1074 2699 1294 2784 Tuberis
1282 2703 1454 2811 junioris
1483 2704 1658 2789 tubulis
1668 2706 1837 2789 minutis
1861 2626 2127 2793 dillormibus
2157 2736 2203 2795 ac

671 2839 777 2919 varie
805 2834 990 2945 implexis
1017 2834 1245 2932 conflatur,
1274 2860 1454 2948 quorum
1483 2837 1700 2942 nonnulli,
1730 2837 1938 2925 Tubere
1925 2860 2201 2948 recrescente,

668 2972 780 3085 apice
809 2968 940 3054 libero
970 2988 1149 3078 turgent,
1178 2997 1224 3052 ac
1252 2969 1297 3051 in
1325 2969 1525 3056 vesiculae
1544 2954 1719 3083 speciem
1738 2978 1903 3077 mutati,
1921 2974 2198 3089 sporidiorum

669 3107 806 3192 futura
835 3104 1122 3220 conceptacula
1142 3106 1392 3218 (sporangn'a)
1412 3101 1680 3190 constituunt.
1701 3106 1816 3193 Dum
1836 3140 1974 3195 revera
2000 3113 2076 3198 hae
2091 3115 2201 3199 veria

669 3242 799 3345 culae,
817 3238 1019 3353 pedicello
1048 3239 1325 3352 utplurimum
1353 3238 1544 3325 suffultae
1558 3270 1604 3326 ac
1622 3241 1796 3354 limpido
1816 3244 1991 3330 humore
2009 3247 2200 3358 repletae,

671 3380 927 3478 increscunt,
962 3376 1175 3486 complura
1214 3374 1401 3484 granula,
1430 3375 1591 3461 sacculo
1620 3377 1749 3464 veluti
1777 3377 1955 3484 inclusa,
1990 3383 2036 3465 in
2064 3398 2202 3470 cuum

671 3544 770 3599 cavo
801 3510 1013 3624 adparent,
1044 3541 1165 3625 qnae,
1193 3508 1408 3622 morphosi
1436 3529 1620 3622 peracta,
1649 3513 1692 3594 in
1713 3541 1806 3597 vera
1833 3515 1990 3604 abeunt
2008 3518 2200 3631 sporidia.

672 3651 781 3734 Caro
810 3650 974 3732 interim
1004 3647 1181 3731 Tuberis
1218 3644 1356 3731 adhuc
1393 3643 1585 3750 inodora,
1620 3645 1803 3733 colorem
1832 3669 1985 3767 aquose
2016 3653 2201 3742 albidum

671 3787 819 3885 sumit,
849 3814 894 3867 ac
922 3782 1086 3867 lineolis
1112 3784 1180 3869 vix
1207 3780 1438 3869 visibilibus
1478 3783 1815 3892 interstinguitur.
1845 3786 2064 3900 Morphosi
2093 3822 2201 3878 con-

560 4009 562 4013 ,
674 3921 792 4003 tinuo
832 3916 1146 4032 progrediente,
1186 3918 1389 4004 nonnulla
1428 3949 1452 4002 e
1494 3916 1736 4031 supradictis
1776 3923 1953 4031 granulis
1995 3932 2202 4030 (numero

672 4085 789 4170 saepe
830 4052 1138 4162 determinato)
1176 4053 1219 4135 in
1261 4082 1361 4138 cavo
1401 4053 1615 4139 vesiculosi
1657 4058 1937 4169 conceptaculi
1965 4058 2094 4146 libere
2122 4094 2203 4147 na·
2318 4111 2320 4117 ι

668 4177 819 4292 tantia,
847 4194 949 4276 mira
989 4193 1165 4280 ratione,
1185 4190 1419 4274 increscunt
1452 4209 1497 4273 et
1536 4188 1727 4295 utriculi,
1757 4190 1982 4301 gelatinoso
2025 4196 2200 4282 humore
2266 4221 2268 4236 '

631 4433 644 4452 ι
673 4329 836 4443 repleti,
866 4328 1038 4411 formam
1072 4346 1310 4427 assumunt,
1340 4328 1457 4437 eujus
1484 4326 1529 4410 in
1567 4346 1710 4411 centro
1739 4328 1933 4411 nucleum
1963 4328 2200 4436 obscurum,

675 4469 791 4584 quasi
819 4464 991 4575 gelatina
1020 4462 1295 4563 efformatum,
1324 4464 1473 4547 iterum
1501 4462 1547 4545 in
1574 4482 1841 4575 conspectum
1868 4465 1991 4548 venit.
2021 4466 2201 4564 Nncleus

675 4604 751 4686 iste
792 4608 968 4706 (verum
1007 4597 1186 4684 Tuberis
1229 4606 1428 4708 germen)
1469 4595 1565 4681 hinc
1593 4594 1792 4681 dividitur
1820 4613 1875 4681 et'
1897 4597 2202 4705 subdividitur,

673 4737 807 4823 donec
835 4739 879 4821 in
907 4735 1125 4822 massulam
1154 4734 1436 4847 granulosam,
1465 4730 1698 4836 ovoideam,
1727 4763 1750 4816 a
1777 4731 1999 4847 parietibus
2038 4725 2203 4823 utriculi

671 4875 959 4989 aliquantisper
988 4871 1196 4971 dissimm,
1237 4869 1558 4956 transformatur.
1587 4866 1661 4952 En
1691 4866 1929 4982 sporidium.
1960 4869 2054 4957 Hoc
2090 4894 2203 4960 tem·

671 5037 772 5121 pore
801 5006 916 5091 color
943 5005 1073 5090 carnis
1102 5003 1155 5090 ad
1183 5004 1345 5090 fiascum
1374 5005 1528 5114 vergit,
1556 5034 1683 5091 venae
1710 5002 1952 5090 visibiliores
1988 5003 2127 5114 liunt,
2154 5034 2197 5097 et

675 5141 821 5227 Tuber
848 5144 930 5255 jam
958 5140 1166 5225 tantillum
1210 5139 1306 5224 olet.
1336 5138 1452 5227 Dum
1491 5142 1591 5227 haec
1619 5139 1756 5223 omnia
1795 5140 1840 5224 in
1869 5169 1969 5227 cavo
1998 5150 2203 5259 sporangii

678 5281 895 5380 eveniunt,
925 5271 1091 5388 granula
1120 5305 1225 5393 quae
1254 5277 1350 5364 hinc
1379 5276 1496 5382 inde,
1525 5299 1635 5364 extra
1671 5306 1833 5362 saccum
1867 5285 2074 5393 sporangii
2102 5315 2201 5370 cen·

680 5414 822 5504 tralem
853 5413 1083 5527 degebant,
1113 5412 1330 5532 disparent
1360 5415 1585 5532 Sporangia
1610 5435 1858 5522 excrescunt,
1887 5437 1930 5504 et
1956 5416 2039 5508 fere
2068 5442 2198 5510 totam
