5100 6900
688 630 729 698 68

747 736 797 821 ln
827 734 1026 851 quercetis
1055 728 1428 817 mediolanensibus
1457 757 1571 818 secus
1596 728 1752 819 flumen
1771 728 1957 817 Lambro.
1978 730 2206 857 Aptumno.

747 870 821 954 AF
823 870 858 953 F
862 870 921 956 IN
924 934 932 953 .
951 867 1128 954 Corticis
1156 886 1302 989 natura
1331 889 1373 954 et
1401 866 1539 953 colore
1558 896 1654 953 cum
1672 865 1819 982 Elapb.
1835 867 2073 953 anthracino
2092 869 2211 982 plane

689 1008 908 1104 convenit,
934 1001 1117 1117 capillitii
1144 1030 1243 1087 vero
1272 1002 1410 1089 colore
1433 1032 1529 1088 cum
1556 1001 1704 1117 Elaph.
1728 1002 1953 1092 maculato:
1970 1000 2021 1087 ab
2036 1008 2215 1118 utroque

690 1161 901 1252 septorum
929 1135 1197 1254 dispositione
1224 1135 1371 1253 peridii
1398 1157 1441 1223 et
1468 1135 1745 1254 sporidiorum
1771 1136 1910 1224 indole
1939 1135 2165 1231 distinctus.

1193 1366 1236 1473 b)
1278 1361 1430 1449 Cortice
1457 1366 1708 1476 'exasperato

1231 1589 1501 1674 Seuerus
1548 1586 1665 1673 Vlll.

745 1813 893 1896 Ennia.
925 1840 1133 1898 oneremus.
1164 1811 1272 1900 Nob.

744 1945 954 2032 Peridium
982 1979 1186 2051 crassum,
1216 1949 1501 2051 subalbidum,
1530 1951 1697 2036 maculis
1716 1932 2056 2045 brunneosuscis
2086 1946 2217 2035 variess

689 2100 852 2190 gotum,
881 2086 1029 2167 cortice
1060 2086 1186 2184 tenui,
1216 2084 1690 2195 brunum-pallescente,
1719 2083 1823 2165 laevi
1851 2104 1921 2166 aut
1949 2085 2216 2196 inaequaliter

690 2234 916 2300 verrucoso.
949 2216 1136 2329 Sporidia
1166 2217 1402 2329 nigro-rufa.
1469 2321 1474 2328 .

748 2348 868 2433 Odor
897 2349 1208 2437 subnauseosus.
1240 2355 1411 2463 Fungus
1439 2351 1720 2461 magnitudine
1752 2353 1828 2466 pisi
1856 2353 1923 2436 vel
1963 2356 2077 2436 nucis
2107 2352 2215 2436 avel-

686 2484 810 2566 lanae.
841 2485 994 2570 Uterus
1024 2506 1139 2571 extus
1181 2509 1315 2572 crusta
1356 2487 1737 2586 terroso-lloccosa,
1782 2490 1924 2583 cortici
1964 2474 2215 2572 tenacissime

688 2615 942 2718 adhaerente,
972 2621 1119 2705 coloris
1140 2620 1423 2707 albido·terrci
1442 2619 1658 2705 obductus.
1682 2620 1835 2706 Cortex
1856 2622 2116 2706 tenuissimus
2147 2625 2214 2704 vix

581 2864 584 2871 ι
686 2782 708 2832 a
738 2752 895 2861 peridio
915 2752 1142 2855 distinctus,
1158 2755 1306 2838 coloris
1335 2755 1589 2864 pallescentis
1617 2755 2024 2866 brunnen-punctari,
2054 2755 2216 2837 sublac-

685 2887 746 2971 vis
776 2885 842 2968 vel
861 2888 1019 2968 minute
1047 2914 1316 2984 verrucosus,
1337 2915 1526 2970 verrucae
1550 2885 1771 2986 difformes,
1791 2885 2013 3001 depressae,
2046 2885 2214 2971 demum

687 3019 1104 3130 fusco-nigrescentes.
1136 3020 1245 3105 Caro
1273 3020 1438 3134 peridii,
1467 3024 1703 3134 praesertim
1732 3024 1928 3108 corticem
1956 3054 2114 3127 versus,
2145 3053 2216 3106 su·

689 3154 856 3239 balbida
881 3156 1050 3240 maculis
1080 3156 1313 3260 rarioribus,
1342 3155 1575 3269 majusculis
1595 3158 1803 3265 variegata,
1819 3186 1957 3242 versus
1976 3159 2216 3271 capillitium

694 3311 858 3374 econtra
886 3290 1240 3396 brenaco-fusca,
1269 3290 1439 3376 demum
1468 3290 1671 3400 subnigra.
1702 3292 1824 3404 Septa
1852 3292 1999 3404 pa'rum
2029 3292 2212 3376 visibilia.

687 3423 942 3536 Capillitium
986 3424 1153 3529 laxum,
1196 3426 1515 3529 flocci-tenues,
1562 3425 1870 3512 albidosericei.
1902 3426 2090 3540 Sporidia
2135 3425 2215 3509 illis

690 3558 838 3673 Elaph.
871 3561 1060 3670 variegati
1090 3559 1220 3674 duplo
1249 3565 1404 3671 majora
1433 3584 1555 3677 atque
1587 3564 1783 3647 intensius
1813 3562 2000 3645 colorata.

748 3693 927 3778 Abunde
956 3700 1001 3779 in
1030 3696 1155 3805 sylvis
1177 3728 1307 3810 prope
1328 3696 1565 3783 Carbonum
1582 3701 1626 3782 in
1646 3695 1917 3800 Laumellino,
1947 3719 1988 3782 et
2019 3700 2062 3781 in
2090 3696 2216 3806 sylvis

690 3825 1064 3915 mediolanensibus
1095 3860 1208 3933 secus
1248 3832 1405 3914 flumen
1434 3832 1637 3934 Lombro,
1667 3855 1710 3916 et
1737 3831 1844 3915 detta
1875 3830 2060 3915 Merlata
2089 3861 2217 3943 prope

689 3964 940 4081 Gangarono,
971 3995 1046 4050 nec
1075 3996 1161 4049 non
1190 3968 1231 4050 in
1261 3968 1411 4080 pinetis
1439 3964 1485 4050 di
1518 3962 1699 4053 Uboldo:
1731 3985 2066 4064 vere-autumno.

745 4100 927 4186 AFFIN.
958 4100 1104 4213 Elaph.
1138 4103 1340 4211 variegato
1370 4101 1621 4205 simillimus,
1649 4099 1854 4213 peridium
1883 4130 2011 4216 aeque
2041 4102 2215 4209 variega-

691 4254 805 4338 tum,
835 4257 895 4320 ast
935 4259 1091 4322 crustae
1136 4259 1297 4337 natura,
1326 4239 1487 4323 corticis
1530 4266 1575 4338 ac
1616 4234 1892 4349 sporidiorum
1935 4237 2094 4338 colore,
2132 4234 2215 4318 for·

688 4400 782 4477 ma,
811 4393 914 4474 etc,
943 4372 1057 4458 facile
1087 4364 1283 4483 distingui
1312 4393 1457 4487 potest

1134 4651 1554 4752 .San‚cras
1603 4651 1676 4735 IX.
1812 4719 1819 4728 i

747 4913 896 5003 Euan.
926 4949 1181 5009 vuaracnrus.
1210 4919 1320 5006 Nob.
1350 4966 1408 4986 -
1437 4915 1540 5001 Tab.
1572 4913 1651 5018 IV,
1679 4909 1746 5023 fig.
1776 4913 1849 4997 lV.
2003 5011 2006 5016 ,

747 5050 957 5136 Peridium
988 5056 1137 5141 cortice
1166 5081 1326 5157 crasse,
1368 5049 1711 5150 amantio-fulvo,
1757 5074 1942 5160 appresso
1971 5072 2215 5145 verrucoso,

692 5188 999 5290 crassissimum,
1028 5188 1291 5292 brunneum,
1320 5188 1482 5273 lineolis
1518 5189 1629 5272 intus
1657 5180 1967 5267 albido·cameis
2007 5180 2215 5280 areolatim

691 5316 895 5432 dispositis
923 5326 1181 5438 variegatam.
1213 5323 1399 5438 Sporidia
1428 5320 1813 5434 rufo-nigrescentia.

701 5483 809 5575 Eleph.
831 5497 1021 5574 murioaltul
1042 5497 1129 5562 fries
1149 5496 1227 5578 Sys.
1248 5504 1323 5558 tom.
1345 5495 1385 5572 ³,
1405 5514 1473 5579 pag.
1495 5492 1544 5577 59
