5100 6900
672 637 810 826 iiegati
839 714 968 829 dnplo
998 717 1162 827 majora,
1190 710 1339 795 coloris
1370 711 1482 820 nigri.
1504 707 1756 821 Capillitium
1787 708 1843 794 ob
1872 711 2040 795 laminas
2068 717 2196 823 magis

671 855 930 967 persistentes
959 848 1179 934 difficulter
1207 879 1229 932 a
1258 844 1416 961 peridio
1445 843 1606 929 secedit

728 989 778 1074 In
807 992 1006 1103 quercetis
1034 1006 1077 1068 et
1104 985 1252 1098 pinetis
1281 984 1365 1094 agri
1392 979 1704 1067 mediolanensis
1724 1013 1820 1068 cum
1848 986 1999 1098 priori,
2028 1007 2088 1071 ast
2118 988 2195 1070 rni-

670 1153 748 1207 nus
776 1121 988 1236 frequens:
1018 1119 1341 1233 Martio-Aprili

726 1254 800 1339 AF
802 1254 836 1337 F
840 1255 910 1342 IN.
947 1256 1014 1340 Ab
1043 1256 1190 1370 Elaph.
1234 1256 1462 1364 variegato,
1492 1250 1639 1347 habitu
1667 1255 1902 1361 slmillimo,
1932 1255 2197 1366 distinguitur

669 1389 826 1504 peridio
854 1395 1067 1507 praecipue
1095 1395 1231 1477 minus
1260 1420 1416 1492 crasso,
1444 1390 1849 1499 griseo-rubescente,
1878 1393 2090 1479 unicolore
2123 1421 2201 1477 nec
2248 1442 2251 1445 ,

671 1531 893 1638 variegato,
923 1527 1110 1643 sporidiis
1140 1526 1310 1614 demum
1339 1526 1434 1610 atris
1463 1527 1700 1639 majoribus.

1202 1794 1667 1884 SrrcrnsXI.

727 2065 876 2148 Erana.
906 2091 1137 2148 temerans.
1167 2064 1277 2148 Nob.
1307 2114 1365 2130 -
1394 2067 1497 2149 Tab.
1529 2067 1613 2163 III,
1643 2065 1709 2172 fig.
1740 2065 1860 2147 XIII.

726 2198 936 2285 Peridium
965 2201 1115 2283 cortice
1144 2196 1276 2299 duro,
1306 2202 1439 2310 nIgro,
1472 2197 1623 2310 rigido,
1645 2199 1807 2284 minute
1837 2200 2029 2285 aculeato.
2062 2202 2200 2314 Spori-

672 2334 737 2420 dia
767 2338 890 2442 nigra

667 2492 870 2578 Lycoperdon
891 2490 1041 2553 scabrum.
1065 2487 1176 2555 thld.
1196 2490 1265 2552 Ber.
1286 2510 1356 2574 pag.
1377 2492 1461 2576 409,
1484 2491 1544 2555 tab.
1567 2513 1609 2573 7,
1629 2489 1679 2574 fig
1707 2512 1743 2576 ¹9
1763 2492 1894 2575 (saltem
1918 2494 2073 2578 videaur).

727 2606 849 2693 Odor
876 2606 1097 2720 peculiaris
1129 2606 1299 2716 Fungus
1328 2604 1783 2718 rotundato-elongatus
1811 2608 2093 2718 magnitudine
2117 2640 2196 2693 nu·

671 2750 726 2831 eis
756 2742 959 2828 avellanae
988 2741 1054 2827 vel
1092 2740 1305 2851 juglandis.
1336 2742 1490 2827 Uterus
1531 2767 1664 2826 crusta
1692 2742 2194 2846 furfuraceorufescente,

666 2877 893 2962 admodum
911 2879 1163 2988 persistente,
1183 2878 1227 2956 in
1247 2874 1408 2957 exoleto
1437 2876 1597 2988 papillis
1616 2875 1909 2986 nigricantibus
1938 2876 2192 2981 (aculeorum

671 3010 873 3127 apicibus)
895 3014 1071 3121 sIgnata,
1100 3009 1221 3123 plane
1250 3009 1468 3096 obductus.
1500 3011 1652 3096 Cortex
1681 3011 1842 3121 fragiIis,
1872 3034 2005 3096 crusta
2029 3035 2196 3113 exutus,

669 3148 818 3233 aculeis
836 3150 1018 3251 minutis,
1032 3148 1241 3257 elongatis,
1261 3152 1327 3255 tri,
1343 3152 1574 3258 tetragonis,
1604 3150 1759 3261 stipatis
1787 3148 2039 3251 echinatum3
2069 3148 2198 3235 aculei

667 3283 773 3387 duri,
802 3283 955 3387 scabri,
984 3284 1244 3394 persistentes
1273 3287 1384 3395 apice
1413 3315 1500 3370 non
1528 3287 1682 3397 pertusi
1712 3313 1788 3368 nec
1815 3287 1927 3366 intus
1956 3287 2052 3367 cavi.
2082 3284 2195 3367 Peri·

669 3416 785 3502 dium
815 3415 1092 3520 subalbidum,
1110 3417 1236 3501 molle
1256 3417 1426 3504 demum
1455 3420 1685 3504 flavescens.
1705 3420 1900 3514 Laminae
1926 3417 2193 3532 disseptantes

668 3581 919 3639 numerosae.
950 3550 1207 3664 Capillitium
1231 3553 1436 3664 stipatum.
1467 3550 1655 3665 Sporidia
1684 3557 2022 3639 numerosissima.

723 3691 774 3773 In
803 3687 927 3798 sylvis
957 3689 1159 3801 quercinis
1188 3690 1272 3797 agri
1300 3685 1634 3790 mediolanensis,
1662 3690 1783 3771 etiam
1802 3691 1847 3771 in
1875 3688 2078 3797 sylvaticis
2106 3688 2194 3776 col·
2339 3695 2342 3700 ’

669 3825 772 3908 lium
802 3844 845 3905 et
872 3826 1078 3906 montium
1108 3820 1495 3934 transpadanorum:
1526 3851 1620 3908 vere
1650 3843 1691 3905 et
1720 3842 1879 3904 aestate.

726 3959 800 4042 AF
802 3959 836 4042 F
841 3957 911 4043 IN.
944 3955 1054 4042 Cum
1081 3956 1230 4069 Elaph.
1265 3956 1477 4061 Morettii,
1517 3957 1663 4040 habitu
1691 3955 1835 4059 simili,
1875 3953 1990 4041 facile
2019 3955 2192 4041 confun-

670 4093 792 4179 ditur.
823 4091 967 4178 Aculei
1007 4091 1234 4205 superficiei
1275 4094 1450 4192 minuti,
1479 4093 1629 4192 stricti,
1659 4092 1905 4192 acutissimi,
1940 4090 2059 4194 duri,
2089 4115 2189 4194 etc,

670 4228 818 4341 speciei
846 4230 1065 4312 criterium.

1225 4506 1498 4592 Serretes
1545 4505 1643 4592 XII.

725 4772 874 4857 Eram.
904 4770 1136 4871 Prnsoorm,
1164 4770 1273 4857 Nob.
1303 4819 1363 4840 ·—-
1391 4771 1495 4854 Tab.
1527 4772 1602 4874 IV,
1631 4768 1697 4880 fig.
1728 4770 1889 4855 XVIII.

723 4905 934 4992 Paridium
952 4910 1102 4992 oortioe
1125 4905 1246 5007 duro,
1265 4909 1395 5017 nigro,
1425 4934 1660 5007 verrucos03
1679 4905 1766 4991 basi
1784 4903 2041 5010 laevinscula,
2062 4901 2193 4992 obco-

669 5047 767 5129 nica.
800 5041 987 5159 Sporidia
1016 5041 1462 5153 ngseo·viridescentia.

668 5192 867 5277 Hypogaeum
887 5191 1018 5255 Tuberi
1038 5192 1171 5257 Pemoou
1180 5237 1193 5268 ,
1216 5190 1340 5275 mma.
1361 5211 1436 5255 com
1457 5209 1489 5275 p.
1511 5191 1585 5276 269

729 5316 850 5403 Odor
885 5318 1112 5404 subuullns.
1156 5319 1190 5402 F
1192 5347 1325 5429 nngus
1365 5316 1866 5415 rotundato-turbinem,
1908 5317 2187 5427 magnitudine

672 5453 787 5539 nucis
815 5454 1016 5566 juglandis
1034 5454 1103 5544 vel
1120 5455 1274 5568 majori.
1296 5454 1449 5543 Uterus
1477 5474 1610 5541 crusta
1640 5453 1765 5557 tenui,
1783 5450 2018 5557 furimacea,
2045 5454 2192 5540 subtus
