5100 6900
1811 542 1849 619 4¹

382 644 478 733 Obs.
508 638 654 733 Tuber
681 641 1018 748 mesentan‘cum,
1039 643 1084 728 iu
1105 640 1319 728 moudbus
1346 640 1561 756 praecipue
1589 642 1849 737 teanensibus

325 781 620 888 obviaturum
648 781 815 897 reliquis
842 780 1053 896 speciebus
1072 778 1132 867 ibi
1149 779 1423 867 crescentibus
1443 781 1727 887 commixtum,
1740 782 1845 873 odo·

321 950 423 1007 rem·
439 921 652 1036 proprium
678 920 886 1029 ingratum
911 920 1011 1034 ipris
1038 919 1281 1033 impertitur.
1312 916 1424 1003 Haec
1452 939 1515 1004 est
1543 920 1647 1004 ratio
1666 948 1740 1006 cur
1754 919 1845 1004 Tu-

320 1055 420 1145 bero
447 1056 670 1167 generatim
699 1055 809 1143 illius
837 1056 1013 1167 regionis
1041 1055 1149 1141 inter
1176 1054 1319 1143 viliora
1348 1076 1643 1159 recenseantur,
1667 1077 1709 1141 et
1740 1086 1846 1142 non·

320 1193 399 1278 nisi
427 1193 507 1278 sub
535 1215 714 1279 extrema
731 1193 885 1279 horum
903 1193 938 1279 F
941 1218 1145 1306 ungorum
1174 1189 1311 1305 inopia
1331 1195 1385 1296 (e.
1401 1218 1438 1301 g.
1457 1201 1630 1299 aestate)
1649 1195 1692 1278 in
1705 1192 1848 1307 plateis

320 1326 699 1417 mediolanensibus
727 1350 955 1417 occurrant

370 1464 491 1553 AFF
494 1465 565 1551 IN.
597 1466 670 1552 Ob
689 1468 819 1551 carnis
848 1465 1137 1555 colorumcum
1152 1465 1322 1555 Tubero
1344 1463 1497 1552 testim
1511 1465 1631 1549 unice
1648 1463 1848 1549 confundi

320 1620 471 1715 potest.
509 1599 661 1686 Differt
689 1599 842 1706 odore,
871 1630 1040 1716 sapore,
1070 1603 1335 1712 vegetationis
1363 1603 1459 1688 loco
1488 1622 1531 1685 et
1559 1622 1757 1715 tempore,
1788 1620 1850 1684 ast

321 1738 536 1852 praecipue
564 1762 764 1829 venarum
792 1736 1087 1854 dispositione,
1126 1736 1329 1845 decursu,
1371 1769 1448 1827 nec
1475 1769 1563 1826 nou
1591 1766 1851 1828 verrucarum

322 1868 465 1960 forna
514 1898 519 1905 ·

597 2032 1524 2150 'pla'aewtauuvdranampapiltose

843 2272 1173 2373 Sanctus
1229 2271 1326 2357 Vll.
1535 2242 1538 2247 ⁵

385 2536 487 2649 Tus,
517 2565 730 2622 ronrtnurt
742 2534 853 2624 Neb.
876 2585 936 2605 -·
954 2537 1059 2625 Tab.
1071 2537 1106 2640 1,
1130 2532 1198 2650 fig
1219 2535 1345 2639 VIII,
1365 2555 1408 2621 et
1427 2535 1531 2620 Tab.
1563 2535 1651 2640 III,
1679 2532 1746 2646 fig.
1776 2533 1851 2619 XI.

385 2672 897 2774 Glorioso-mammosam,
935 2674 1049 2761 laeve
1090 2672 1160 2761 vel
1200 2675 1361 2759 minute
1400 2673 1675 2773 muricatum,
1714 2671 1852 2757 molle.

327 2808 470 2894 Venae
497 2838 643 2922 parum
672 2838 914 2902 numerosae
940 2839 966 2894 e
993 2811 1111 2896 variis
1150 2806 1298 2923 peridii
1324 2811 1488 2923 punctis
1517 2810 1561 2892 in
1599 2837 1762 2891 carnem
1791 2806 1855 2892 di·

331 2964 476 3030 rectae·
503 2943 691 3059 Sporidia
720 2947 873 3047 oralia,
902 2942 1346 3059 mendoso-eminete,
1375 2943 1553 3058 grandis
1595 2940 1855 3057 praegrandi·

328 3079 433 3186 bus,
462 3080 660 3181 brunneis
689 3075 852 3197 repleta.
1249 3102 1253 3109 ’

386 3213 509 3303 Odor
537 3218 652 3333 quasi
679 3218 787 3303 Arae
814 3216 999 3306 foetidae.
1029 3218 1200 3335 Fungus
1239 3215 1523 3332 magnitudine
1560 3221 1677 3302 nucis
1705 3215 1853 3302 avella-

328 3382 427 3459 nae,
456 3351 678 3467 juglandis,
713 3356 864 3469 passim
891 3385 1077 3471 pressum
1119 3385 1166 3441 ae
1204 3351 1573 3454 lebate-divisum,
1607 3353 1670 3439 uti
1709 3372 1773 3438 est
1801 3349 1854 3437 da

328 3489 496 3576 Tubere
524 3491 777 3603 Magnetum.
809 3491 940 3578 Color
965 3488 1525 3612 fusco-lividus,rusesoens;
1551 3511 1691 3575 cortex
1719 3490 1856 3575 tenuis
1957 3603 1959 3608 4

326 3624 457 3739 ungui
484 3623 599 3714 facile
639 3630 832 3744 pervius,
859 3630 1037 3719 verrucis
1065 3629 1260 3729 minutis,
1289 3627 1513 3728 mollibus,
1547 3625 1795 3712 informibus
1833 3657 1857 3710 e

322 3747 478 3856 {coruoe
507 3757 693 3884 diffracto
721 3762 930 3871 formatis,
958 3755 1170 3870 interdum
1197 3766 1431 3860 muricatos
1460 3759 1602 3848 Venae
1630 3760 1857 3846 nonnullae

328 3896 515 4002 latiores,
544 3929 567 3981 a
596 3919 662 3983 tot
702 3901 823 3988 rimis.
842 3899 910 3988 vel
937 3899 1110 3989 Ioveelis
1138 3902 1314 3987 extmuis
1350 3895 1496 4012 peridii
1537 3918 1668 3998 ortae,
1692 3899 1740 3982 in
1769 3927 1857 3983 ear·

291 4134 294 4138 ,
329 4061 426 4122 nem
453 4033 600 4148 parum
628 4056 1006 4139 anastomosautnr,
1033 4037 1191 4125 accito
1219 4033 1451 4148 disparent,
1475 4032 1628 4119 alterae
1657 4064 1754 4119 vero
1774 4031 1855 4120 fili-

328 4169 506 4271 sormes,
536 4174 902 4275 numerosissimae,
931 4193 1123 4260 muctam
1151 4170 1331 4256 'suberis
1359 4198 1533 4256 massam
1564 4166 1735 4254 mirifice
1763 4199 1855 4285 per·

328 4327 501 4392 currunt
529 4327 571 4392 et
598 4310 786 4420 pingunt
824 4310 933 4428 Caro
960 4312 1097 4426 primo
1125 4304 1289 4409 albida,
1316 4305 1515 4406 inodora,
1543 4305 1856 4420 subcompacta,

325 4441 498 4538 &tuum
524 4445 687 4547 mollis,
714 4444 909 4550 humida,
937 4446 1181 4550 rulo-fusca,
1209 4442 1457 4558 graveolens
1487 4443 1710 4559 Sporangia
1739 4440 1856 4557 ellip-

328 4579 430 4683 tica,
457 4609 612 4681 mono,
640 4579 827 4681 di‚⁴ra1·o
856 4604 1092 4699 tetraspora
1123 4580 1313 4697 Sporidia
1339 4601 1527 4684 matura,
1562 4578 1620 4665 ob
1662 4577 1856 4688 granulo·

328 4744 422 4800 rum
451 4714 827 4827 protuberantiam,
855 4719 950 4800 rubi
968 4719 1126 4803 fruetus
1154 4743 1322 4829 prorsus
1351 4712 1544 4797 referunt
1575 4709 1664 4797 Sub
1676 4712 1854 4800 exsicca·

320 4851 444 4936 .tione
458 4875 733 4963 summopere
761 4849 1028 4956 contrahitur.

322 5055 328 5064 .
387 4984 525 5098 Vulgo
554 4983 714 5102 Agliolo
743 4986 796 5071 ab
825 4985 953 5072 odore
983 4984 1091 5074 Albi.

387 5120 535 5208 Hieme
573 5124 809 5208 maturescit
851 5144 894 5208 et
933 5123 1044 5229 olet,
1083 5142 1208 5241 atqua
1247 5118 1455 5210 interdum
1486 5119 1728 5208 Tuberibus
1767 5118 1855 5205 aliis

252 5263 258 5274 '
334 5256 566 5342 immixtum
580 5259 625 5342 in
653 5258 744 5344 foro
762 5280 931 5373 prostat,
962 5258 1090 5346 οάοτο
1109 5291 1206 5350 mox
1229 5256 1530 5373 disn'ngnibile3
1549 5288 1669 5384 sapor
1696 5256 1857 5347 oleoso·

150 5471 154 5476 .
336 5381 546 5502 rancidus3
574 5398 642 5481 vix
669 5398 937 5483 esculentum.

1414 5531 1439 5599 6
