5100 6900
672 594 714 659 ss

691 766 696 777 .
730 698 780 781 In
809 695 935 807 sylvis
963 690 1165 811 quercinis
1195 686 1461 775 ticinensibus
1490 714 1536 773 ec
1564 683 1935 773 mediolanensibus
1970 684 2197 797 vulgatissi-

672 861 775 921 mus.
793 824 1244 947 Septembri·Octobri.
1265 825 1316 911 In
1335 824 1546 912 castanetis
1575 851 1704 937 prope
1733 818 1943 909 Marcello
1972 824 2196 935 specimina

674 998 841 1083 quoque
871 966 978 1075 legitx
998 966 1151 1047 amicus
1181 960 1387 1047 Balsamo:
1417 988 1521 1044 vere.

732 1102 805 1184 AF
807 1102 841 1182 F
845 1099 915 1184 IN.
945 1096 1093 1210 Elaph.
1123 1095 1314 1181 mutabili
1354 1091 1500 1208 peridii
1542 1093 1776 1206 praesertim
1817 1113 1962 1177 natura
1996 1090 2200 1175 floccoso-

674 1233 791 1317 molli
819 1233 1040 1346 proximus.
1070 1229 1221 1314 Differt
1249 1251 1383 1315 crusta
1411 1231 1574 1327 citrina,
1602 1226 1761 1342 peridio
1791 1225 2063 1325 immutabili,
2092 1246 2165 1309 ete.

678 1509 729 1593 II.
760 1504 1049 1591 Sclerodermei.
1082 1502 1234 1591 consa
1263 1504 1405 1608 durus,
1433 1505 1597 1616 fragilis,
1616 1504 1882 1595 exsiccatione
1910 1499 2206 1599 immutabilis,

736 1641 912 1759 sporidia
943 1638 1175 1749 majuscula.

1251 1850 1296 1972 a)
1330 1856 1482 1946 Cortice
1517 1859 1629 1944 laevi.

1190 2083 1577 2167 Sanctus
1637 2084 1688 2161 V.

735 2310 885 2393 Emrn.
915 2332 1191 2393 manaremus.
1221 2302 1331 2391 Nob.
1361 2351 1420 2369 -
1448 2303 1552 2388 Tab.
1584 2305 1672 2412 III,
1701 2301 1767 2417 fig.
1798 2305 1916 2393 VIII.

709 2441 945 2529 .Peridium
975 2443 1125 2526 cortice
1155 2439 1355 2540 sublatam,
1384 2438 1532 2548 rigido,
1561 2441 1907 2551 nigro-brunneo,
1926 2443 2210 2549 imuraoulat03
2337 2542 2341 2547 ,

681 2577 793 2666 disco
822 2580 984 2671 basilaei
1012 2574 1259 2683 rotundatu,
1290 2596 1430 2661 centro
1458 2576 1665 2691 papillato.
1697 2576 1884 2690 Sporidia
1913 2580 2186 2688 nigrescentia.
2316 2646 2319 2649 ‚

738 2715 860 2801 Odor
889 2714 1047 2803 debilis.
1078 2715 1113 2798 F
1116 2745 1248 2825 ungus
1277 2710 1558 2822 magnitudine
1587 2716 1703 2797 nucis
1730 2712 1934 2797 avellanae
1953 2716 2021 2797 vel
2049 2715 2209 2825 juglan-

684 2848 755 2932 dis.
788 2850 942 2934 Uterus
972 2848 1181 2931 interdum
1218 2872 1499 2957 compressus,
1527 2843 1854 2956 submarginatus
1883 2875 1930 2932 ae
1958 2876 2080 2960 supra
2113 2880 2210 2963 pro·

683 2981 810 3067 funde
846 3002 1082 3082 excavatuS,
1123 3003 1238 3066 extus
1280 3000 1416 3066 crusta
1455 2978 1830 3082 domasa-terrosa,
1868 2982 2129 3093 nigro-msa,
2167 3016 2212 3070 ac

684 3115 797 3203 facile
827 3118 1041 3207 secedente
1071 3118 1288 3205 obductus.
1320 3114 1473 3204 Cortex
1501 3117 1642 3223 durus,
1670 3117 1831 3229 fragilis,
1851 3117 1968 3205 nudo
1997 3119 2121 3205 oculo
2149 3121 2214 3206 in·
2273 3130 2279 3143 ’

684 3275 873 3366 spectus,
907 3256 1131 3357 sublaevis‚
1160 3258 1267 3341 vitro
1308 3276 1448 3341 autem
1476 3275 1618 3341 auctus
1646 3254 1921 3366 irregulariter
1959 3284 2211 3339 verrucosus.

682 3386 893 3476 Paridium
923 3419 1114 3491 crassum,
1143 3388 1423 3492 subalbidum,
1448 3390 1635 3496 similare,
1663 3390 1803 3494 molle,
1833 3387 2064 3476 humidum
2093 3390 2216 3502 Septa

684 3554 925 3625 numerosa,
953 3525 1109 3637 peridio
1140 3546 1247 3611 arcte
1278 3526 1506 3637 conjuncta.
1527 3527 1562 3610 F
1564 3526 1668 3611 locci
1696 3528 1917 3625 numerosi,
1945 3525 2033 3609 laxi.
2066 3527 2213 3638 Spuri-

689 3655 754 3739 dia
784 3657 987 3762 rotunda,
1016 3659 1169 3762 nitida,
1199 3656 1358 3743 mediae
1387 3657 1705 3769 magnitudinis,
1734 3680 1809 3744 etc.

743 3791 794 3873 In
823 3796 1024 3907 quercetis
1043 3814 1085 3877 et
1114 3796 1327 3877 castanetis
1345 3791 1516 3877 collium
1544 3823 1590 3877 ac
1618 3795 1825 3877 montium
1844 3792 2217 3906 transpadanorum

689 3948 837 4012 aestate
866 3927 1067 4044 frequens.
1097 3928 1200 4037 Legi
1230 3930 1353 4012 etiam
1382 3929 1426 4011 in
1454 3929 1664 4041 provincia
1703 3927 1890 4013 tIciuensi
1926 3958 2056 4042 prope
2094 3929 2219 4015 Terre

690 4062 858 4168 d’Isola,
887 4065 928 4148 S.
962 4065 1128 4163 Vareia,
1157 4084 1261 4162 ato,
1291 4066 1405 4150 etin
1434 4087 1529 4172 agro
1558 4060 1853 4147 mediolanensi
1880 4063 1982 4148 locis
2009 4063 2218 4151 similibus

692 4226 806 4282 secus
834 4193 991 4282 flumen
1011 4198 1186 4283 Lambro
1217 4227 1294 4281 nec
1323 4227 1414 4281 non
1432 4199 1476 4280 in
1495 4196 1733 4281 nemorilrus
1761 4194 1869 4282 della
1880 4195 2069 4282 Merlata
2088 4227 2218 4313 prope

692 4329 950 4445 Gongrrono:
984 4362 1074 4417 vere
1104 4355 1146 4420 et
1173 4354 1387 4418 autumno

750 4465 935 4553 AFFIN.
967 4468 1165 4585 Sequenti
1193 4466 1350 4571 affinis,
1379 4466 1491 4554 diseo
1520 4488 1658 4553 umen
1676 4465 1837 4553 basilari
1865 4489 1916 4553 et
1943 4465 2219 4582 sporidiorum

700 4621 845 4686 natura
873 4601 1099 4687 distinctus.

1262 4779 1534 4866 Sracrns
1583 4782 1656 4863 VI

752 4982 901 5072 Emrn.
935 5009 1170 5070 ursmarus.
1200 4980 1309 5070 Nob.
1340 5027 1398 5047 -
1427 4978 1545 5072 Tau.
1563 4983 1645 5089 IV,
1673 4980 1739 5094 fig.
1770 4985 1821 5069 V.

754 5116 965 5214 Paridium
995 5121 1144 5206 cortice
1173 5118 1297 5218 laevi,
1326 5115 1459 5226 duro,
1490 5117 1647 5232 rigido,
1675 5118 2025 5230 nigro-brunnen,
2053 5119 2220 5208 maculis
2350 5147 2353 5150 ·

616 5317 641 5327 ..
700 5252 899 5340 viridibus
928 5275 1080 5341 notato.
1113 5251 1301 5369 Sporidia
1330 5256 1474 5366 grisea,
1503 5253 1775 5370 praegrandia.
2080 5280 2083 5284 ’

761 5387 882 5476 Odor
916 5396 1030 5508 panis
1071 5391 1199 5478 veluti
1241 5393 1481 5501 acescentis,
1514 5393 1576 5486 vel
1604 5393 1787 5506 Synapis
1818 5388 2112 5488 Subrotundus
2155 5390 2222 5478 vel
