5100 6900
1835 565 1852 604 ²

362 662 550 745 notatus,
579 671 650 727 ore
678 662 829 756 aperto.
859 640 1068 729 Peridium
1096 641 1233 731 floccis
1267 636 1437 758 sparsit,
1465 566 1878 729 subevaneseentibui

361 779 405 860 in
434 799 607 893 utraque
635 775 854 891 superficie
876 780 1068 864 obsitum.

361 962 368 971 -
419 910 470 994 In
498 911 622 1020 sylvis
662 917 826 1027 quernis
864 914 1032 999 collium
1062 936 1104 999 et
1137 915 1344 1001 montium
1374 912 1761 1030 transpadanorum,
1797 946 1878 1000 una

358 1070 455 1128 com
483 1046 650 1131 Tubere
677 1048 853 1150 Borchii,
882 1069 1082 1139 autumno
1110 1051 1274 1153 seriori,
1303 1052 1438 1135 hieme
1474 1071 1517 1134 et
1544 1062 1639 1134 v'ere
1674 1048 1877 1135 effoditur.

357 1176 496 1263 Etiam
524 1182 567 1263 in
597 1185 806 1295 provincia
842 1186 1032 1269 tIcinensi
1070 1216 1198 1300 prope
1241 1184 1287 1266 T
1281 1214 1367 1268 one
1400 1182 1554 1267 d'Isola
1592 1206 1634 1267 et
1665 1185 1880 1282 liemaro,

356 1345 434 1400 nec
461 1345 545 1400 non
558 1319 601 1400 in
612 1320 820 1429 provincia
831 1318 1124 1405 mediolanensi
1143 1349 1258 1405 secus
1270 1320 1427 1409 flumen
1441 1317 1617 1400 tamem
1631 1347 1763 1431 prope
1780 1316 1878 1400 Bol-

353 1453 501 1561 giam,
528 1450 770 1536 Monticello
799 1474 842 1538 et
872 1453 1130 1564 Catpimtello
1159 1456 1317 1539 obvius.
1348 1451 1757 1537 Martio-Novembri.

415 1585 487 1669 AF
489 1587 598 1673 FIN.
629 1587 796 1673 Geneae
823 1619 1061 1675 verrucosae
1089 1587 1207 1674 valde
1222 1588 1388 1691 affinis,
1417 1587 1554 1672 colore
1584 1606 1721 1669 tamen
1748 1582 1879 1668 brun·

358 1751 438 1804 neo
467 1742 509 1806 et
536 1721 749 1836 superficie
787 1725 984 1839 papillosa
1026 1723 1260 1813 distinctus..
1282 1725 1497 1837 Discoepat
1524 1724 1647 1806 etiam
1676 1716 1878 1833 spotidio·

356 1885 450 1941 rum
478 1855 632 1963 forma,
659 1881 703 1944 et
730 1882 850 1948 utero
875 1864 986 1948 intus
1014 1861 1139 1947 bullis
1167 1891 1240 1946 seu
1271 1861 1472 1946 tuberulis
1502 1858 1775 1974 utplurimum
1806 1851 1879 1937 de·

356 1989 513 2076 stituto.

884 2135 1346 2221 Seuereslll.

414 2398 519 2483 Gen.
548 2426 776 2484 nouercam.
805 2446 865 2467 -··
892 2400 996 2487 Tab.
1028 2402 1119 2504 Ill,
1148 2402 1214 2512 fig.
1244 2400 1366 2486 XIII.

355 2570 361 2587 ·
409 2532 693 2645 Sub'globosa‚
734 2533 944 2650 depressa,
979 2539 1137 2651 peridio
1165 2534 1447 2633 molliusculo‚
1475 2532 1680 2636 flocmsn,
1717 2563 1741 2616 e
1779 2518 1879 2616 rima

357 2669 507 2782 apicali
526 2671 571 2752 in
599 2670 744 2754 cavum
772 2676 880 2756 uteri
908 2674 1179 2783 irregulariter
1206 2677 1392 2788 intruso,
1419 2669 1581 2755 fihaillis
1606 2667 1878 2754 radicantibus

357 2799 565 2888 destituto.
597 2803 705 2887 Caro
735 2834 1066 2916 gyrum-venosa,
1095 2813 1207 2894 intus
1234 2827 1397 2891 tantum
1425 2806 1706 2919 sporangifera.
1738 2804 1878 2916 Spori-

353 2936 419 3022 dia
446 2937 661 3051 pellucidae,
691 2942 905 3054 sphaerica.
1878 2954 1880 2959 ’

358 3124 363 3133 ·
400 3073 522 3161 Odor
534 3077 828 3164 intensissimus
838 3078 969 3163 veluti
979 3082 1079 3165 aeris
1089 3079 1334 3192 hydrogenii
1345 3073 1626 3192 sulphuratiF
1627 3102 1760 3184 ungus
1770 3072 1878 3158 folli-

358 3212 499 3297 culum
520 3213 823 3322 bombycinum
843 3215 1031 3321 referens,
1050 3217 1200 3301 coloris
1216 3216 1481 3314 flavescenti&
1500 3208 1781 3319 magnitudine
1801 3237 1879 3290 nu·

358 3348 413 3431 cis
441 3347 644 3432 avellanae
672 3348 738 3434 vel
767 3354 922 3463 majori.
954 3351 1207 3464 superficies¹
1225 3354 1313 3464 ejus
1348 3348 1534 3464 undique
1562 3346 1715 3457 tegitur
1741 3358 1881 3427 mem-'-

350 3484 501 3583 brana,
533 3479 612 3567 filis
641 3484 950 3570 flavescentibus
979 3485 1283 3572 confertissimis
1310 3480 1586 3569 arachnoideis
1615 3484 1724 3568 varie
1756 3482 1882 3564 inter·
1954 3479 1958 3486 ’

356 3620 473 3703 textis
502 3617 683 3704 formata.
713 3620 879 3720 Uterus,
908 3652 931 3706 e
960 3617 1119 3735 peridio
1147 3620 1235 3705 laxe
1263 3622 1436 3719 intruso,
1472 3617 1717 3731 plerumque
1746 3642 1881 3710 cavus,

359 3753 432 3840 sed
458 3755 595 3841 floccis
623 3760 851 3870 gossypinis
870 3756 1068 3869 repletus,
1096 3786 1166 3841 ore
1195 3756 1319 3841 etiam
1347 3750 1543 3838 obducto.
1567 3747 1779 3834 Peridium
1811 3778 1880 3830 ex·

354 3893 501 3994 terius,
540 3892 747 3978 intrusum
789 3893 999 3993 anthime,
1037 3892 1184 3978 sterile.
1215 3889 1324 3974 Caro
1353 3887 1469 3983 alba,
1496 3882 1653 3985 mollis,
1686 3910 1880 3984 exsucca,

355 4059 447 4141 pers
476 4051 613 4113 tamen
642 4027 914 4142 sporangifera
942 4007 1136 4126 limidi,
1164 4025 1393 4109 flavescens.
1510 4043 1514 4048 ·

418 4162 557 4274 Vulgo
586 4164 820 4274 Spumea,
855 4192 940 4280 quo
982 4163 1151 4248 nomine
1193 4187 1338 4244 omnes
1368 4156 1504 4267 Fungi
1545 4154 1669 4267 hujus
1707 4151 1880 4238 familiae

357 4298 632 4409 graveolentes
660 4297 934 4411 designantur.
1068 4365 1072 4374 .

413 4436 628 4522 Mensibus
655 4438 814 4524 aestivis
842 4437 922 4522 sub
950 4437 1068 4544 salice
1096 4439 1139 4522 in
1168 4435 1269 4560 locis
1289 4428 1469 4517 humidis
1496 4427 1680 4544 planitiei
1698 4448 1880 4539 transpa-

356 4569 508 4670 danae,
536 4575 771 4686 praesertim
800 4576 903 4659 circa
930 4572 1125 4667 Althaeae
1153 4567 1366 4655 officinalis
1394 4562 1559 4665 radices,
1587 4564 1751 4675 copiose
1779 4559 1881 4643 effo-

358 4705 482 4790 ditur.
511 4706 613 4818 Legi
648 4711 772 4792 etiam
800 4710 844 4791 in
872 4709 986 4817 sylva
1020 4709 1213 4822 quondm
1241 4702 1430 4814 depressa
1457 4701 1542 4808 agri
1568 4693 1881 4784 mediolanensis

358 4845 402 4926 in
432 4840 526 4927 Ioco
553 4839 665 4932 dicto
694 4843 734 4929 la
759 4841 955 4929 Bmciata
982 4868 1097 4927 secus
1124 4838 1280 4926 flmuen
1308 4834 1496 4923 Lenem.
1525 4832 1726 4945 tegete
