5100 6900
693 590 732 655 ιθ

693 686 875 804 undiquc
904 690 1072 792 cinctus,
1100 688 1211 801 apice
1233 687 1353 788 crima,
1380 688 1559 798 margine
1587 689 1716 801 spisso
1734 692 2001 797 circumdata,
2029 697 2073 779 iu
2101 725 2199 781 cavo

691 825 797 906 uteri
827 821 1015 938 adaperta
1044 843 1220 907 ornatus.
1262 821 1448 938 Sporidia
1487 853 1609 939 opaca
1647 824 1926 933 subechinata,
1954 860 2026 914 seu
2042 846 2221 942 'granu-⁷

691 955 740 1043 lis
769 960 898 1045 veluti
926 958 1121 1071 adspersa.
1540 968 1543 973 ⁴
1969 999 1972 1003 ’

667 1138 677 1151 -
745 1090 894 1176 HIST.
924 1093 1069 1204 Fungi¹
1087 1096 1288 1196 minores,
1318 1094 1606 1205 grunnientes,
1636 1096 1968 1207 elengantissimi,
1987 1103 2205 1211 persisten-

689 1247 772 1329 tes,
802 1226 1055 1334 Tuberibns,
1083 1251 1284 1316 structura
1312 1232 1496 1346 quamvis
1524 1232 1758 1345 simpliciori
1786 1263 1831 1318 ac
1859 1232 1989 1318 veluti
2016 1254 2205 1346 prototy-

687 1391 763 1475 pa,
791 1360 955 1463 affines3
984 1367 1295 1477 sporangiorum
1334 1396 1431 1451 vero
1472 1363 1737 1481 dispositione
1765 1388 1808 1453 et
1840 1389 1983 1452 natura
2010 1367 2204 1453 distincti.

687 1496 842 1583 Pezizis
883 1497 1040 1604 forma,
1084 1520 1176 1586 tum
1217 1503 1340 1586 etiam
1382 1499 1722 1605 fructificatione,
1765 1506 1841 1589 etsi
1882 1534 1976 1591 vere
2019 1506 2209 1621 uterina,
2300 1512 2303 1517 ⁴

692 1633 861 1744 analogi.
2155 1652 2158 1659 ’

746 1768 926 1855 Nomine
954 1774 1183 1860 amicissimi
1202 1773 1323 1861 Doct
1352 1775 1521 1890 Josephi
1551 1773 1667 1861 Genu
1693 1773 1913 1884 Zoologiac
1940 1774 2208 1874 Professoris,

626 1904 628 1913 '
687 1903 1004 2018 Entomologiae
1032 1911 1186 1996 italicae
1214 1911 1383 1997 cultoris
1411 1910 1685 2012 solertissimi,
1712 1912 1785 2026 qui
1812 1910 1930 2023 plura
1958 1908 2010 1994 de
2041 1909 2208 1995 Insectis

689 2035 903 2149 fungicolis
930 2073 999 2128 me
1022 2043 1181 2148 docuit,
1211 2028 1292 2132 hoc
1320 2078 1447 2158 genus
1476 2043 1772 2154 designandum
1800 2074 2003 2157 propono,

1243 2322 1571 2426 Seuerus
1628 2323 1660 2408 l.

751 2584 855 2670 Gau.
885 2615 1120 2674 vnnnucost.
1139 2600 1209 2681 2-
1236 2590 1340 2674 Tab.
1372 2593 1433 2693 ll,
1461 2591 1528 2704 fig.
1557 2592 1653 2678 Vll.

744 2717 1050 2836 Polymorpha3
1078 2716 1237 2840 peridio
1278 2723 1408 2827 duro,
1437 2751 1553 2812 extus
1592 2731 1784 2839 intusque
1825 2724 2215 2835 verrucosomigro,

692 2858 869 2939 verrucis
898 2860 1092 2963 minutis,
1121 2858 1343 2974 adpressis,
1374 2860 1641 2973 regularibus,
1669 2858 1831 2945 fibrillis
1851 2856 2125 2944 radicantibus
2138 2861 2216 2943 mi·

693 2990 940 3094 notissimis,
969 2998 1222 3083 coacervatis.
1252 2997 1439 3112 Sporidia
1467 2997 1682 3112 sphaerica.
2152 3100 2155 3105 Α

748 3123 870 3210 Odor
902 3128 1042 3233 sortis,
1081 3165 1312 3235 nauseosns.
1352 3135 1521 3245 Fungus
1562 3132 1841 3244 magnitudine
1881 3133 1958 3245 pisi
1990 3130 2057 3217 vel
2096 3132 2214 3216 nucis

687 3261 913 3370 avellanae,
943 3300 1033 3355 raro
1062 3275 1217 3383 majori.
1247 3272 1400 3358 Uterus
1429 3298 1569 3372 cavus,
1598 3290 1662 3354 tot
1689 3268 1818 3353 veluti
1846 3264 2065 3363 tubemla,
2093 3297 2116 3347 e
2143 3295 2215 3376 pa·

689 3396 859 3485 rictibus
890 3403 1037 3489 intrusi
1078 3408 1225 3522 peridii
1264 3408 1459 3507 formata,
1499 3405 1732 3503 continens,
1775 3432 1845 3486 ore
1884 3399 2212 3485 subconniventi.
2347 3525 2349 3532 J

688 3530 796 3617 Caro
825 3533 942 3638 alba,
971 3563 1205 3656 compacta,
1245 3543 1358 3627 venis
1387 3538 1546 3658 pallidis
1574 3542 1618 3623 in
1646 3537 1935 3624 tuberulorum
1963 3557 2106 3621 centro
2135 3563 2210 3618 no·

688 3688 796 3777 tata,
826 3670 938 3758 radix
966 3674 1087 3764 fusca
1116 3677 1350 3765 Exsiccatus
1379 3706 1638 3791 summopere
1667 3673 1924 3762 contrahitur
1952 3692 1995 3757 et
2019 3667 2092 3755 diu
2121 3700 2212 3784 per·

693 3816 807 3899 sistit

748 3951 887 4061 Vulgo
919 3948 1111 4063 Coppelle
1137 3950 1184 4034 di
1207 3952 1333 4037 Paete.
1470 3957 1476 3964 '

749 4085 935 4170 Solitaric
964 4089 1066 4174 vivit
1081 4087 1136 4180 in
1176 4085 1278 4171 locis
1301 4086 1507 4189 incultis,
1536 4088 1731 4198 argillosis
1759 4084 1942 4200 planitiei
1975 4078 2145 4166 collium
2174 4099 2216 4163 et

691 4224 898 4304 montium
938 4219 1322 4336 transpadanorum:
1352 4252 1469 4322 vere,
1498 4244 1648 4309 aestate
1680 4243 1722 4306 et
1761 4242 1974 4310 autumno.
2003 4217 2143 4300 Etiam
2171 4217 2215 4298 in

692 4359 892 4477 quercetis
921 4378 963 4442 et
991 4359 1202 4443 castanetis
1231 4361 1315 4470 agri
1356 4360 1561 4444 ticinensis
1595 4380 1637 4444 et
1670 4356 1985 4443 mediolanensis
2013 4371 2076 4437 sat
2103 4379 2215 4438 com-

695 4523 842 4579 munis.
1494 4603 1497 4611 A

1239 4629 1569 4716 Sanctus
1622 4627 1701 4750 ΙΙ.Ι

755 4903 859 4987 Gnu.
890 4926 1107 4985 PAPILLOSA·
1137 4945 1196 4963 —
1225 4896 1328 4983 Tab.
1361 4897 1445 4999 ΙΙΙ,
1474 4895 1541 5008 fig.
1570 4892 1732 4981 XVIIL

752 5038 917 5141 Minor3
944 5031 1100 5149 peridio
1128 5032 1258 5132 molli,
1288 5033 1475 5150 elastico,
1505 5035 1698 5148 utrinque
1726 5025 2059 5143 pupilloswrufo,
2087 5025 2217 5114 fibril2

691 5176 741 5262 lis
771 5173 1043 5261 radicantibus
1072 5147 1384 5255 confertissimis.
1415 5166 1602 5284 Sporidia
1630 5157 1768 5249 oralia.

756 5309 877 5397 Odor
904 5307 1139 5425 peculiaris,
1167 5303 1389 5421 specificas.
1417 5307 1454 5392 F
1456 5333 1589 5416 ungus
1608 5296 1889 5412 magnitudine
1916 5298 1994 5414 pisi
2012 5327 2103 5384 raro
2131 5328 2217 5383 ma·

700 5450 787 5560 jori
828 5446 982 5537 Uterus
1021 5444 1392 5561 plicato-loliatus,
1416 5442 1529 5532 venis
1568 5442 1680 5546 intus
1721 5434 1958 5542 tumidulis,
1999 5435 2217 5526 rarioribus
2261 5463 2264 5470 ‘
