5100 6900
865 583 1194 672 Spectas
1251 584 1371 713 11.-

386 855 517 945 Gnnr.
546 879 805 941 emeremus.
834 897 894 920 -··
921 852 1024 941 Tab.
1054 853 1133 957 IV,
1162 849 1230 962 fig.
1258 846 1379 936 XIII.

332 1052 336 1059 -
383 988 701 1107 Receptaculum
727 986 1232 1101 rotundato-elongatum,
1261 984 1474 1102 appendici
1501 988 1662 1076 basilen‘
1691 990 1842 1078 radici-

324 1130 447 1217 formi
473 1126 728 1242 subsimplici
755 1126 1030 1233 instructum,
1058 1124 1225 1212 'cellulae
1265 1145 1452 1208 externae
1479 1145 1522 1208 et
1548 1129 1730 1211 internae
1758 1131 1844 1213 mi-

325 1287 476 1368 nutae,
503 1262 757 1380 poriformes.
961 1346 966 1353 ,
1775 1318 1780 1324 -

382 1399 504 1487 Odor
531 1399 796 1519 senissimus,
825 1397 892 1484 vix
922 1393 1178 1498 tolerandus,
1207 1395 1322 1513 quasi
1350 1423 1471 1508 cepae
1498 1397 1732 1482 emarcidas.
1766 1398 1802 1487 R

325 1536 585 1652 ceptaculum
613 1536 749 1650 primo
777 1533 982 1636 sublaeve,
1010 1531 1222 1639 albidum,
1250 1529 1421 1617 demum
1449 1531 1846 1649 flavo-expallidum,

324 1673 537 1786 superficie
566 1672 681 1757 venis
710 1667 924 1755 tumidulis
963 1668 1225 1756 filiformibus
1253 1668 1498 1755 reticulatim
1531 1674 1692 1774 striata,
1721 1670 1847 1757 cellu-

324 1809 421 1895 losa.
452 1807 638 1895 Cellulae
665 1805 893 1921 superficiei
931 1807 1242 1911 minutissimae,
1271 1805 1506 1908 difformes,
1546 1807 1848 1919 elongato-ser·

323 1947 543 2060 pentina03
571 1942 742 2029 cellulae
769 1947 952 2030 internae
980 1944 1177 2028 intensius
1206 1941 1417 2028 coloratae.
1458 1939 1693 2028 Substantia
1721 1947 1847 2043 inter·

324 2079 524 2164 cellelarie
552 2079 687 2193 primo
716 2076 850 2162 albida
878 2098 1105 2193 compacta,
1123 2076 1292 2164 demum
1311 2079 1433 2178 fusca,
1456 2078 1848 2187 gelatinosomollis,

325 2245 348 2299 e
377 2198 525 2299 trunco
554 2211 716 2298 basilaei
745 2214 788 2295 in
818 2243 994 2314 carnem,
1022 2213 1178 2297 arboris
1207 2211 1426 2317 adinstar,
1455 2209 1679 2295 dendritiee
1709 2243 1849 2298 excur-

325 2378 427 2433 rens
449 2345 575 2433 Radix
604 2346 788 2461 simplex,
823 2377 838 2430 1
867 2347 937 2432 lin.
967 2347 1125 2433 circiter
1152 2375 1299 2450 crassa,
1328 2343 1475 2445 albida,
1503 2342 1662 2456 fragilis
1682 2347 1718 2432 F
1719 2378 1852 2460 ungus

327 2485 544 2567 exsiccatus
573 2511 834 2597 summopere
870 2480 1035 2569 indurat
1062 2501 1105 2568 et
1136 2480 1363 2568 substantia
1390 2481 1696 2568 intemellularis
1724 2483 1853 2570 veluti
1946 2588 1949 2593 Ι

329 2649 476 2705 eornea
505 2617 651 2704 evadit.

384 2756 434 2839 ln
464 2756 664 2871 querentis
694 2751 971 2852 ticinensibus,
989 2753 1224 2866 praesertim
1253 2754 1299 2835 in
1326 2751 1565 2837 nemoribus
1592 2752 1700 2838 della
1720 2758 1852 2842 Rosea

326 2922 448 3006 supra
476 2891 687 2994 Roncaro,
716 2888 762 2973 di
787 2889 828 2973 S.
857 2889 968 3003 Sofiu
997 2910 1040 2974 et
1073 2889 1197 2973 Torre
1224 2885 1396 2989 dIsola,
1424 2918 1614 2975 necnon
1652 2893 1696 2976 in
1725 2893 1849 3004 sylvis

324 3025 372 3112 di
398 3025 635 3112 Carbonum
664 3030 708 3110 in
735 3023 993 3111 menella‘na
1020 3022 1180 3111 obvius.
1207 3024 1234 3110 J
1236 3024 1578 3113 ulio-Novembri.

323 3212 328 3223 ·
382 3162 571 3247 Solitarie
600 3163 666 3246 vel
694 3164 870 3272 gregarie
897 3168 1040 3249 erescit
1058 3166 1103 3247 in
1121 3164 1220 3249 locis
1235 3162 1435 3250 sabrrlosis
1463 3193 1575 3249 nunc
1594 3164 1724 3251 bruno
1752 3196 1850 3280 pro·

326 3296 452 3383 funde
480 3299 708 3401 immissus,
737 3329 849 3384 nunc
877 3299 960 3383 fere
989 3329 1180 3383 emersus.

870 3577 1058 3666 Seuerou
1087 3579 1306 3666 Sacranos.

796 3844 1380 3932 TUBEREAE.

844 4119 897 4206 v.
928 4119 1140 4208 senen.
1170 4119 1326 4208 vites.
1442 4053 1445 4062 ’

381 4384 546 4471 CHAR.
575 4386 730 4475 Uterus
760 4387 1024 4491 rotundatas,
1053 4388 1275 4491 difformis,
1307 4389 1713 4506 tuberosoplicatus,
1750 4396 1847 4483 sub·

323 4550 467 4623 cavus,
497 4523 607 4634 apice
635 4525 823 4636 pervius,
851 4527 1057 4641 peridium
1087 4556 1294 4626 crassum,
1322 4547 1438 4613 extus
1476 4530 1669 4645 intusque
1697 4531 1849 4618 flocco-

322 4685 414 4738 sum
443 4655 510 4739 vel
538 4658 1028 4771 papilloso·muricatum,
1059 4664 1156 4745 hine
1184 4662 1298 4744 illine
1326 4662 1773 4774 duplicato-intrusum.

323 4790 545 4903 Sporangia
585 4791 859 4902 cylindracea,
901 4797 1138 4909 octospora!
1166 4795 1212 4878 in
1255 4793 1401 4909 peridii
1434 4818 1553 4910 parre
1590 4799 1724 4884 medie
1763 4833 1848 4888 car·

204 4995 207 5004 ⁴
322 4951 445 5031 noea,¹
475 4931 736 5027 transversim
765 4960 810 5016 ac
850 4931 1040 5046 parallele
1071 4929 1287 5047 disposita.
1319 4930 1506 5050 Sporidin
1534 4932 1669 5028 albida
1699 4938 1845 5036 subro-

325 5061 467 5147 tunde.

325 5249 331 5258 ·
384 5201 480 5284 Obs.
509 5201 662 5290 Uterus
691 5205 758 5290 vix
777 5204 1076 5308 subterraneus,
1104 5236 1127 5291 e
1155 5206 1315 5323 peridis
1330 5235 1476 5322 parum
1495 5210 1562 5297 vel
1586 5209 1677 5296 ‘laxe
1691 5212 1850 5300 intruso
1935 5261 1940 5270 ι
2037 5223 2046 5239 ’

325 5335 553 5438 subear'us,
581 5336 741 5428 fibrillis
770 5340 1010 5433 mdicelibus
1044 5343 1299 5456 corymbosis
1337 5347 1585 5454 instructus,
1614 5349 1681 5436 vel
1709 5349 1845 5436 floccis
