5100 6900
654 643 694 707 58

704 750 1026 835 ’Βίειτίὴιιιίοιιίε
1054 749 1157 833 ratio
1188 742 1462 833 subordinum
1491 767 1533 833 et
1562 775 1758 857 generum
1793 752 1836 834 in
1865 752 2011 865 peridii
2042 754 2183 842 indole

654 908 698 969 et
725 884 1047 971 fructificationis
1075 882 1325 998 perfectione
1366 887 1484 969 unice
1525 885 1792 1000 inquirenda,
1821 892 1884 973 uti
1924 920 1948 972 e
1987 919 2183 1002 generum

653 1044 877 1137 conspectu
905 1040 1049 1145 patet.⁵
2133 1018 2137 1029 ‘

713 1159 1101 1269 Gasteromycetnm
1141 1157 1348 1242 character
1387 1177 1450 1240 est
1489 1179 1656 1262 uterus,
1686 1164 1758 1276 qui
1799 1158 2111 1249 fructificatione
2143 1188 2185 1249 et

655 1290 813 1408 peridio
842 1295 1117 1409 componitur.
1148 1292 1360 1378 Paridium
1402 1290 1499 1377 hinc
1534 1315 1576 1377 et
1614 1288 1897 1400 fructificatio,
1929 1298 1971 1383 in
2010 1282 2186 1414 perfecta

562 1485 566 1494 ·
655 1429 930 1546 utplurimum
960 1432 1173 1536 antithesi,
1202 1428 1505 1516 distributionis
1532 1429 1660 1514 fulcra
1689 1428 1962 1545 suppeditant

712 1565 1041 1652 Phullot'demsun
1069 1563 1274 1682 psridium
1302 1565 1641 1680 perfectissimum
1670 1571 1986 1682 areceptacnlo,
2015 1562 2184 1657 demum

656 1734 838 1809 emerso,
868 1702 1090 1788 discretum
1118 1703 1197 1786 hos
1216 1696 1384 1813 Fungos
1414 1701 1841 1814 Hymenomycetibus
1866 1708 2024 1793 vicinos
2053 1711 2184 1822 ponit.

654 1843 690 1926 F
692 1840 935 1925 ructilicatio
959 1861 1096 1924 tamen
1126 1838 1328 1924 inferioris
1346 1835 1523 1922 ordinis:
1552 1837 1794 1950 hymenium
1816 1847 1883 1926 vix
1907 1845 2061 1949 ullnm3
2076 1838 2187 1958 'spo-

660 1972 761 2059 ridia
790 2006 885 2059 cum
922 1970 1185 2089 receptaculis
1220 1970 1457 2088 partialibus
1498 1975 2031 2092 mucoso-liquescentibus,
2061 1979 2188 2064 disse-

658 2111 876 2194 minantur.

712 2250 1169 2363 Hynaenogastcmarum
1208 2243 1413 2360 peridium
1454 2248 1666 2362 spurium,
1706 2249 1977 2353 accidentale,
2007 2274 2186 2366 recepta·
2302 2226 2306 2233 ¹

655 2384 795 2468 culum
825 2383 1040 2498 proprium
1069 2380 1243 2466 nullum.
1275 2380 1554 2470 Fructificatio
1582 2416 1681 2470 vero
1710 2386 1906 2500 perfecta,
1937 2389 2185 2500 hymenina;

655 2518 832 2635 sporidia
860 2521 1014 2624 thecis,
1043 2523 1086 2604 in
1116 2520 1301 2632 hymenii
1331 2524 1506 2634 speciem
1535 2525 1763 2633 congestis,
1792 2524 1967 2630 inclusa3
2005 2547 2186 2641 recepta·

658 2659 759 2742 culis
787 2656 1025 2772 partialibus
1054 2658 1181 2770 magis
1210 2656 1410 2762 evolutis,
1439 2658 1760 2772 persistentibus.

721 2792 994 2879 Tubereurum
1034 2792 1267 2908 peridium,
1311 2794 1554 2907 receptaculi
1596 2798 1704 2880 vices
1749 2824 1917 2905 gerens,
1962 2797 2183 2882 essentiale.

656 2931 691 3014 F
692 2929 935 3015 ructificatio
965 2952 1103 3017 tamen
1133 2933 1270 3016 minus
1299 2930 1501 3045 perfecta,
1531 2930 1708 3045 sporidia
1744 2935 1985 3046 sporangiis,
2014 2935 2057 3015 in
2087 2931 2185 3017 sub·

655 3071 800 3151 stantia
829 3064 975 3180 peridii
1003 3070 1223 3171 immersis,
1252 3065 1431 3167 inclusa,
1461 3067 1722 3182 receptaculis
1751 3069 1989 3183 partialibus
2018 3068 2152 3153 nullis.

713 3203 805 3286 Hoc
835 3204 876 3285 in
908 3200 1182 3287 subordinum
1212 3224 1381 3305 centro,
1421 3204 1522 3289 radii
1563 3226 1699 3289 tamen
1743 3236 1766 3289 e
1805 3207 1956 3289 minori
1999 3205 2065 3290 vel
2094 3235 2182 3287 rna·

657 3342 737 3454 jori
766 3342 888 3421 unius
918 3340 1133 3424 alteriusve
1163 3340 1304 3449 organi
1332 3338 1588 3442 evolutione,
1617 3340 1711 3453 plus
1739 3342 1926 3423 minusve
1960 3339 2186 3423 deflectunt

659 3496 702 3561 et
731 3476 774 3558 in
804 3474 1071 3561 subordinem
1092 3475 1290 3576 vicinum,
1319 3473 1385 3559 vel
1404 3479 1447 3560 in
1476 3475 1667 3586 analogos
1698 3473 1861 3560 ordines
1881 3475 2048 3561 aliarum
2070 3475 2184 3561 Clas-

660 3612 766 3694 sium
797 3633 1018 3695 transeunt.
1149 3607 1155 3618 ⁴

713 3748 780 3831 Sic
817 3744 1007 3831 Clnthrus
1048 3778 1097 3831 ex
1125 3746 1480 3853 Phalloidearum,
1524 3746 1780 3861 receptaculo
1821 3750 1990 3860 proprio
2035 3747 2184 3849 nulIO,

655 3913 750 3967 cum
779 3886 1153 4000 Hymenogasterets
1195 3885 1544 4000 (Hysterongn’um
1552 3888 1576 3994 )
1619 3883 1884 3996 receptaculis
1924 3882 2185 3994 partialibus,

657 4041 798 4104 centro
841 4019 1173 4119 dehiscentibus,
1214 4018 1540 4104 conformatione
1579 4020 1796 4121 convenit3
1827 4017 1926 4102 haec
1956 4037 2092 4100 tamen
2123 4048 2185 4100 re·

656 4157 885 4269 captacula,
916 4157 1052 4270 stipite
1093 4155 1294 4241 clathrato
1335 4156 1526 4260 suffulta,
1555 4158 1616 4240 uti
1652 4158 1695 4240 in
1727 4155 1893 4271 reliquis
1922 4151 2184 4268 phalloideis,

658 4315 882 4403 emergunt.
1423 4297 1435 4323 ⁴

712 4432 1048 4545 Hysterangium,
1077 4433 1153 4513 etsi
1181 4459 1256 4544 per
1289 4430 1575 4515 Octavianiam
1608 4429 1981 4541 Hymettogastemts
2020 4445 2182 4508 natura·

656 4564 806 4648 lissime
835 4568 1048 4679 junctum,
1078 4596 1173 4652 cum
1201 4562 1449 4649 Phalloidet's
1476 4560 1635 4676 peridio
1665 4561 1866 4661 discreto,
1895 4581 1937 4644 et
1965 4555 2182 4646 fructifica·

658 4702 769 4785 tione
798 4702 1001 4786 simillima
1031 4702 1228 4806 confluit,
1258 4683 1500 4817 receptaculi
1541 4721 1583 4784 et
1616 4699 1763 4812 stipitis
1805 4697 2014 4796 absentia,
2042 4725 2066 4778 a
2103 4726 2184 4812 qua

656 4840 777 4921 etiam
805 4836 951 4952 peridii
980 4837 1274 4925 indehiscentia
1302 4835 1479 4953 pendet,
1508 4834 1560 4919 ab
1589 4836 1685 4950 ipsis
1715 4836 1833 4917 unice
1863 4830 2112 4917 distinctum.

715 4970 924 5055 Gauneria
954 4974 1112 5087 peridio
1153 4975 1296 5077 nullo,
1340 4971 1601 5086 receptaculis
1641 4971 1878 5085 partialibus
1916 4966 2183 5052 exterioribus

658 5110 829 5221 apertiS,
871 5108 1070 5220 hymenio
1109 5108 1325 5210 obductis,
1353 5107 1592 5225 Polypora's,
1632 5105 1810 5205 Boleris,
1840 5100 2105 5204 Momltellis,
2135 5133 2183 5186 ex

658 5247 1089 5363 Hymenomycetibus,
1119 5249 1304 5361 proxime
1333 5243 1498 5331 accedit.
1517 5245 1610 5330 Etsi
1639 5240 1887 5355 receptacula
1917 5240 2075 5324 interna
2104 5261 2182 5323 un·

658 5378 782 5497 dique
811 5384 967 5490 clausa,
997 5409 1119 5504 atque
1139 5387 1471 5502 Hymenogastris
1490 5404 1672 5469 ceterum
1701 5399 1914 5465 contextus
1945 5378 2068 5494 hujus
2097 5406 2182 5461 esse

660 5516 740 5603 loci
769 5519 1001 5607 defendant.
